1806 3187
503 131 1247 183 BATPAXOMTOMAXIA.
1513 132 1624 185 483

1143 277 1198 296 92!

275 281 370 339 Ὡς
398 276 533 345 λόγος
560 278 599 329 ἓν
625 281 842 338 θνητοῖσιν
866 277 947 337 ἐἠν·
975 277 1088 337 τοίην
1114 277 1141 331 δ
1179 301 1280 350 εχεν
1304 280 1467 352 ἀξχῆν.

352 355 457 412 Μῦς
483 374 586 404 ποτε
616 351 841 418 διψαλέος
867 350 1040 417 γαλὲης
1066 352 1250 405 κίνδυνον
1275 354 1474 417 ἀλύξας,

174 431 240 481 10
277 427 474 487 Πλησίον
501 428 539 478 ἐν
565 426 700 499 λίμνη
727 424 908 478 ἁπαλόν
931 425 1173 497 πξοςὲθηκε
1201 427 1358 493 *γένειον

269 502 444 554 ”Υόατι
471 500 743 574 τεξπόμενος,
768 498 990 570 μελιηδὲἷ·
1019 499 1089 552 τὸν
1116 500 1160 552 δὲ
1188 503 1368 556 κατεῖδε

278 575 579 648 Λιμνόχαξις,
603 575 883 644 πολύφημος,
907 574 1003 634 ἐ’πος
1032 575 1069 627 δ’
1097 575 1363 642 ἐφθέγξατο
1383 585 1511 632 τοῖον·

355 655 481 703 Ξεῖνε
508 651 572 708 τίς
602 647 657 710 εἷς
683 648 820 702 πόθεν
844 648 989 709 ἦλθες
1016 650 1078 701 ἐπ’
1108 649 1226 722 ᾐόνας
1258 652 1323 711 τίς
1352 653 1397 706 δέ
1424 656 1505 707 ο-’ὅ
1532 656 1612 723 φῦ.

275 725 443 777 Πάντα
470 724 504 777 δ’
534 726 806 786 ἀληθευσον,
832 724 896 794 μὴ
923 723 1193 793 ψευδόμενὸν
1218 749 1268 778 σε
1297 729 1439 787 νοῆσω.
1484 732 1611 804 [60⁶ss

168 803 237 855 15
274 801 332 851 Εἰ
358 800 453 871 *γάξ
480 822 529 851 σε
557 798 696 865 γνοίην
722 799 849 863 φίλον
874 797 1012 860 οἵξιον,
1041 799 1081 857 ἒς
1111 798 1241 869 δόμον
1267 799 1377 866 οἵξω,

276 876 420 945 Δῶξα
448 872 490 925 δέ
519 897 583 925 τοι
607 873 725 925 δώσω
751 875 913 935 ξεινῇια
938 873 1097 925 πολλοὶ
1123 875 1204 925 καὶ
1227 875 1400 930 ἐσθλοί.

275 949 389 1018 Εἰμὶ
418 947 454 1000 δ’
484 947 571 1013 ἐγὼ
596 945 822 1010 βασιλεὺς
851 948 1169 1013 Φυσῖγναθος,
1197 946 1241 1007 ἒς
1269 953 1397 1003 κατοὶ
1423 954 1578 1026 λίμνην

273 1025 513 1092 Τιμεῧμαι,
538 1022 792 1093 βατράχων
819 1020 1034 1092 ἡγέμενος
1059 1021 1221 1091 ἤματα
1247 1025 1416 1078 πάντα·

274 1098 374 1149 Καί
396 1120 454 1166 με
483 1096 633 1167 ’.πατὴρ
661 1095 842 1155 Πηλεύς
868 1119 973 1148 ποτε
1001 1096 1196 1162 γείνατο,
1221 1098 1536 1170 ’Υδξομεόἑση

165 1177 237 1226 20
275 1172 488 1241 Μιχῧεῖς
517 1172 554 1223 ἐν
581 1169 786 1235 φιλότητι
813 1172 914 1242 παρ’
945 1168 1104 1240 ὄχθας
1127 1171 1395 1243 Ἠξιδανοῖο.
1514 1163 1523 1176 ⁴

275 1247 374 1298 Καί
398 1268 446 1298 σε
475 1245 512 1297 δ’
540 1245 619 1318 6ξῶ
644 1244 786 1296 καλόν
813 1267 858 1296 τε
880 1244 960 1295 καὶ
988 1243 1188 1315 οἵλκιμον
1213 1244 1368 1318 ἔξοχον
1385 1248 1554 1316 ἄλλων,

276 1407 324 1438 Ut
338 1415 439 1437 sermo
454 1405 535 1436 inter
549 1404 696 1435 mortales
711 1410 784 1435 erat.
828 1403 909 1434 Tale
923 1410 1030 1435 autem
1044 1404 1156 1435 habuit
1169 1404 1369 1446 principium.

318 1461 397 1491 Mus
411 1460 487 1490 olim
503 1459 689 1495 sitibundus,
706 1458 849 1489 mustelae
864 1458 1042 1498 periculum
1056 1469 1131 1490 cum
1145 1459 1297 1500 evitasset,

214 1520 254 1547 10
275 1515 468 1555 Propinquae
483 1514 589 1553 paludi
605 1514 699 1544 molle
715 1513 847 1544 immisit
861 1519 1008 1544 mentum

275 1571 371 1611 Aqua
385 1579 418 1599 se
433 1569 591 1599 oblectans
606 1568 699 1599 dulci.
745 1568 846 1599 Hunc
861 1574 968 1599 autem
983 1568 1145 1608 conspexit

275 1624 502 1661 Limnocbarss,
518 1625 670 1665 garrulus
687 1626 879 1665 verbumque
893 1624 1018 1656 locutus
1032 1631 1078 1655 est
1092 1625 1168 1663 tale3

320 1680 454 1719 Hospes,
470 1680 539 1720 quis
554 1680 606 1710 es?
627 1679 712 1710 unde
727 1679 839 1709 venisti
852 1679 893 1709 ad
908 1679 1017 1709 littus?
1039 1680 1145 1721 ecquis
1159 1686 1190 1712 te
1204 1682 1394 1721 procreavit?

279 1734 399 1765 Omnia
413 1739 519 1764 autem
534 1744 607 1764 vere
621 1733 724 1770 dicito,
740 1744 781 1764 ne
795 1733 922 1764 mentiti
933 1739 964 1764 te
979 1735 1121 1766 sentiam.

214 1795 253 1824 15
278 1791 312 1822 Si
327 1790 413 1821 enim
429 1795 460 1820 te
474 1799 650 1830 cognovero
664 1789 803 1820 amicum
818 1789 962 1831 dignum,
979 1789 1110 1821 domum
1124 1790 1288 1829 deducam,

275 1846 476 1885 Muneraque
489 1843 545 1874 tibi
561 1844 640 1875 dabo
655 1844 820 1884 hospitalia
833 1844 941 1881 multa,
966 1850 997 1875 et
1012 1845 1167 1884 praeclara.

274 1900 355 1931 Sum
370 1904 477 1930 autem
492 1909 552 1940 ego
566 1909 621 1929 rex
635 1899 878 1940 Physignathus,
895 1899 949 1941 qui
964 1910 1019 1940 per
1029 1899 1179 1940 paludem

273 1954 378 1991 Color,
393 1953 478 1984 ranis
493 1954 650 1994 imperans
664 1953 774 1985 diebus
787 1954 943 1985 omnibus.

272 2010 317 2041 Et
330 2019 383 2039 me
396 2015 483 2049 pater
497 2009 614 2040 Peleus
629 2008 706 2039 olim
717 2009 836 2050 genuit,
855 2008 1111 2049 Hydromedusae

209 2068 252 2097 20
274 2063 398 2095 Mixtus
411 2073 519 2094 amore
530 2063 621 2103 juxta
634 2063 717 2103 ripas
731 2062 874 2094 Eridani.

275 2117 338 2149 Sed
352 2124 383 2149 et
398 2123 429 2148 te
443 2117 534 2148 video
547 2122 808 2159 praestautemque
823 2123 854 2149 et
868 2119 1034 2149 robustum
1048 2127 1111 2158 prae
1126 2117 1205 2155 aliis,

162 2249 238 2281 Ver.
256 2251 304 2279 10.
329 2247 500 2280 ακαλόν-
515 2246 629 2288 γὲνειον]
657 2245 730 2277 MS.
757 2247 848 2278 Ooeon.
892 2246 987 2277 derat.
1032 2246 1062 2277 E
1077 2246 1166 2289 χάρις
1190 2245 1280 2277 nulla
1294 2246 1390 2288 hujus
1403 2247 1513 2280 formae
1527 2259 1617 2283 voea-

121 2292 233 2334 λίχνον,
256 2291 339 2332 quod
356 2291 457 2331 placet
466 2292 626 2326 Barnesio,
651 2289 706 2330 qui
723 2299 848 2329 compa-
892 2290 968 2320 bula
982 2295 1013 2319 et
1028 2289 1160 2320 nomina
1175 2289 1263 2326 fiunt,
1275 2300 1334 2320 nec
1350 2297 1481 2331 possunt
1494 2293 1615 2334 signifi.

119 2342 170 2366 rat
184 2337 365 2367 Callimachi
381 2334 492 2374 αἵματα
512 2333 615 2374 λίχνα,
640 2332 677 2363 fr.
701 2335 749 2364 19.
771 2343 848 2373 quo-
893 2343 972 2369 care,
994 2333 1078 2373 quod
1092 2333 1143 2363 hic
1157 2343 1206 2363 res
1216 2332 1381 2372 desiderat,
1403 2345 1517 2376 nempe
1531 2337 1618 2370 lacu-

120 2379 217 2410 modo
232 2384 263 2408 et
285 2380 410 2417 Gregor.
427 2379 512 2408 Naz.
527 2376 651 2407 locutus
665 2381 720 2406 est.
764 2376 845 2407 Pro·
888 2377 948 2407 bus
961 2375 1113 2417 gaudens.

119 2423 227 2453 barem
242 2426 274 2452 et
288 2420 362 2460 ipse,
389 2420 415 2451 si
440 2420 479 2451 de
503 2418 644 2459 cupediis
658 2425 690 2449 et
705 2418 846 2450 esculen-
935 2419 1016 2450 Ibid.
1033 2420 1098 2454 ’ἔπος
1115 2419 1138 2450 δ’
1154 2420 1311 2460 ἐφθέγξατο
1326 2421 1423 2463 τοῖον]
1440 2422 1513 2454 MS.
1529 2425 1618 2465 Lips.

118 2465 159 2496 tis
180 2470 259 2495 esset
281 2473 391 2499 sermo,
415 2474 486 2505 quae
500 2463 659 2504 ligurriret
671 2462 843 2493 musculus:
890 2463 957 2497 ’ἔτος
974 2461 1000 2493 δ’
1012 2463 1099 2503 ’ἔφατ’
1114 2464 1145 2494 ἔκ
1163 2462 1185 2493 δ’
1201 2464 1343 2503 ὄνόμαζεν.
1391 2465 1442 2496 Sic
1457 2472 1522 2497 erat
1538 2473 1569 2498 et
1583 2468 1618 2498 in

116 2508 158 2539 de
172 2509 267 2538 barba
281 2507 415 2538 bibentis
440 2516 555 2547 aquam
580 2506 690 2537 durius
705 2505 784 2536 mihi
799 2506 844 2536 vi·
889 2507 986 2547 Lycii
1012 2506 1085 2537 MS.
1110 2506 1302 2547 φθέγγεο-θαι
1326 2517 1401 2538 cum
1423 2519 1486 2540 acc.
1511 2520 1620 2541 rursus

118 2551 225 2583 detur:
260 2551 316 2581 etsi
346 2549 512 2580 fatendum
544 2555 598 2585 est,
632 2549 683 2579 vix
712 2548 847 2590 intelligi
890 2555 936 2580 est
950 2552 1001 2581 91.
1018 2553 1089 2580 265.

118 2605 221 2635 posse,
243 2592 403 2635 quomodo
428 2603 484 2633 pro
510 2593 633 2628 ἁπαλὸς
658 2592 692 2623 in
707 2598 847 2623 mentem
933 2593 1010 2623 Ver.
1029 2595 1077 2625 19.
1099 2605 1171 2624 ποτε
1195 2592 1325 2636 γείνατο]
1349 2594 1422 2625 MS.
1449 2596 1489 2626 L.
1513 2595 1620 2638 ἀνεθρέ-

118 2638 226 2669 venire
241 2637 377 2677 potuerit
393 2635 517 2667 librario
532 2636 643 2676 λίχνος.
893 2638 988 2675 qaaere.
1002 2635 1079 2666 item
1094 2635 1127 2666 in
1145 2636 1222 2667 Cod.
1238 2638 1335 2678 Lycii
1349 2638 1394 2668 sic
1409 2638 1477 2668 fuit.

162 2682 239 2712 Ver.
264 2684 277 2710 1
286 2684 313 2711 2.
336 2679 535 2722 Λιμνόχαρις,]
558 2681 728 2710 Bar-nesius
757 2678 849 2710 scribi
935 2679 1011 2710 Ver.
1022 2682 1073 2710 20.
1086 2681 1155 2722 παρ’
1165 2678 1280 2723 ὄχθας]
1293 2680 1344 2712 Sic
1355 2681 1438 2712 edidi
1445 2691 1500 2721 pro
1509 2682 1620 2723 ὄχθαις,

116 2723 208 2755 malit
222 2724 410 2766 λιμνοχαρὴς,
437 2729 473 2753 ut
498 2723 591 2753 habet
616 2733 654 2753 ex
681 2723 711 2752 h.
732 2721 753 2753 l.
783 2724 848 2754 See·
892 2721 977 2765 quod
992 2728 1024 2755 et
1038 2722 1143 2765 ipsum
1168 2729 1291 2757 rectum
1315 2730 1369 2763 est,
1392 2723 1466 2767 quia
1480 2724 1522 2758 sic
1537 2734 1620 2759 sem·

108 2770 232 2810 phanus
247 2768 280 2800 in
296 2767 390 2800 Thes.
406 2766 500 2810 idque
514 2776 588 2799 sane
599 2765 744 2808 analogia
759 2765 839 2798 desi-
