1806 3187
518 429 1168 498 PRAEFATIO.

88 850 174 906 DE
194 866 361 902 auctore
380 858 502 915 hujus
525 858 733 900 Carminis
752 866 823 900 aut
840 856 981 899 indole
1001 856 1150 907 dicere,
1171 864 1265 913 post
1285 863 1347 899 tot
1366 856 1410 898 in
1430 865 1585 900 utram-

89 943 171 985 que
193 938 354 986 partem
374 929 682 985 disputationes,
704 927 820 978 nihil,
842 935 889 970 ut
907 927 1072 983 opinor,
1091 927 1248 969 attinet.
1309 927 1378 969 De
1393 935 1509 970 textu
1524 928 1586 984 ip-

88 1014 151 1052 se,
174 1016 256 1057 qua
276 1008 336 1043 est
358 1000 526 1042 Criticae
547 999 764 1055 subjectus,
786 1013 920 1054 pauca
938 1012 1124 1048 monere,
1155 1012 1242 1039 non
1272 996 1455 1039 alienum
1473 997 1586 1039 vide-

87 1077 171 1122 tur,
193 1085 288 1127 quae
308 1070 361 1112 ab
381 1070 470 1111 aliis
490 1085 577 1111 non
608 1069 703 1110 satis
732 1068 950 1125 diligenter
979 1075 1122 1110 notata
1152 1066 1383 1108 videantur.
1443 1067 1589 1108 Deme·

84 1141 161 1182 trii
183 1140 462 1194 Chalcondylae
481 1138 649 1195 querela
668 1146 743 1188 est,
766 1146 926 1179 textum
958 1138 1078 1193 hujus
1102 1136 1310 1179 Carminis
1343 1135 1463 1178 valde
1498 1150 1588 1178 cor-

86 1217 260 1265 ruptum
280 1224 378 1260 esse,
400 1223 487 1250 non
507 1208 636 1249 modo
655 1208 700 1249 in
721 1207 889 1265 singulis
908 1207 1056 1257 verbis,
1080 1207 1151 1248 sed
1171 1207 1296 1248 etiam
1316 1206 1361 1247 in
1382 1206 1485 1247 serie
1499 1205 1589 1261 ipsa

88 1279 310 1328 orationis;
343 1278 456 1334 quod
471 1279 560 1333 jam
581 1294 606 1319 a
625 1279 826 1319 Barnesz'o
846 1286 1035 1319 notatum
1055 1278 1254 1319 videmus.
1316 1275 1368 1317 Id
1388 1275 1508 1332 quale
1541 1275 1593 1316 sit

90 1347 327 1405 diligentius
348 1347 642 1402 explicandum
663 1355 735 1388 est.
798 1347 883 1388 Res
904 1354 1041 1388 autem
1062 1347 1119 1388 sic
1147 1346 1284 1388 habet.
1344 1345 1464 1388 Libri
1495 1344 1592 1387 Ma-

87 1416 293 1472 nuscripti
312 1431 400 1457 non
421 1416 684 1457 consentiunt
703 1416 747 1456 in
767 1430 944 1457 numero
965 1431 1172 1466 versuum,
1201 1431 1309 1471 saepe
1338 1430 1416 1457 nec
1445 1415 1490 1456 in
1526 1428 1593 1456 or-

88 1485 200 1527 dine.
259 1485 390 1527 Liber
410 1484 724 1540 Manuscriptus
746 1485 1020 1527 Bibliothecae
1040 1494 1194 1527 nostrae
1225 1484 1427 1527 Paullinae
1454 1483 1594 1540 plures

89 1555 218 1598 habet
236 1569 390 1605 versus,
412 1569 538 1611 quam
559 1563 655 1596 sunt
674 1555 719 1596 in
739 1554 858 1596 editis
879 1555 1091 1611 exemplis,
1115 1564 1156 1596 et
1184 1555 1395 1596 interdum
1425 1554 1505 1596 alio
1526 1568 1593 1596 or-

93 1625 205 1675 dine,
226 1633 274 1667 ut
293 1625 468 1667 varietas
490 1625 701 1666 Lectionis
722 1625 936 1667 indicabit.
997 1625 1153 1667 Habeo
1183 1625 1422 1681 exemplum
1448 1624 1596 1666 Batra-

92 1694 450 1751 chomyomachiae
471 1694 665 1750 (Erfurti,
687 1695 731 1736 ni
751 1694 886 1748 fallor)
909 1695 1066 1737 editum
1087 1710 1156 1736 an.
1183 1699 1304 1736 1515.
1326 1711 1351 1737 a
1377 1695 1420 1736 T
1415 1694 1595 1735 hilonino

90 1765 296 1816 Cunrado,
318 1765 442 1820 po'eta
460 1764 659 1815 laureato,
688 1765 760 1821 qui
789 1773 886 1807 ante
917 1764 1076 1807 Erfurti
1107 1773 1259 1822 egerat,
1293 1773 1334 1806 et
1362 1765 1420 1806 ibi
1458 1763 1595 1807 literas

95 1850 253 1894 graecas
273 1835 457 1890 primum
477 1834 694 1886 didicerat,
708 1843 802 1889 post
821 1835 867 1876 in
887 1835 1008 1876 Italia
1021 1850 1162 1876 earum
1175 1842 1452 1891 praeceptores
1468 1833 1595 1887 Bapt.

95 1905 232 1954 Pium,
253 1904 338 1945 Iac.
363 1905 564 1954 Cruceum,
586 1905 822 1959 Egnatium,
845 1910 882 1945 et
902 1906 1139 1958 Philippum
1169 1905 1413 1947 Beroaldum
1440 1902 1596 1944 habue-

94 1981 174 2024 rat,
195 1981 286 2015 tum
306 1982 445 2015 autem
468 1974 511 2016 in
532 1988 641 2015 nova
661 1973 891 2016 Academia
911 1974 1219 2031 Vitembergica
1238 1973 1413 2024 vivebat,
1429 1980 1594 2023 vocatu,

95 2050 144 2084 ut
165 2042 329 2098 opinor,
354 2042 572 2098 Principis.
633 2043 675 2085 Is
697 2044 769 2094 ait,
792 2044 869 2085 sibi
897 2058 993 2086 cum
1013 2060 1038 2086 a
1058 2044 1306 2101 quibusdam
1327 2044 1408 2085 suis
1429 2053 1470 2084 et
1493 2042 1597 2084 Mu-

95 2125 235 2153 sarum
255 2112 397 2153 amicis
417 2112 557 2154 oblata
576 2121 679 2154 esset
696 2113 1183 2171 Batrachomyomachia,
1201 2122 1248 2155 ut
1263 2113 1414 2164 ederet,
1430 2113 1597 2169 opinor,

95 2188 138 2223 et
156 2181 512 2236 interpretaretur,
533 2182 767 2239 fragmenta
786 2199 828 2226 se
852 2185 990 2240 potius
1019 2199 1144 2240 quam
1174 2184 1383 2241 integrum
1415 2183 1596 2225 Carmen

97 2250 325 2307 agnovisse.
386 2250 497 2292 Nam
518 2252 865 2303 animadvertisse,
887 2254 1017 2295 multa
1037 2254 1191 2304 deesse,
1214 2268 1308 2309 quae
1339 2253 1437 2295 olim
1452 2254 1598 2311 legerit

98 2318 144 2360 in
167 2318 323 2361 Codice
346 2319 527 2362 Homeri
548 2322 701 2377 scripto
722 2323 833 2378 apud
852 2324 1027 2365 Hieron.
1050 2325 1236 2374 Balbum,
1257 2326 1423 2380 poetam
1445 2333 1485 2366 et
1504 2339 1597 2367 ora-

96 2396 232 2430 torem
250 2389 294 2429 in
314 2389 418 2430 urbe
440 2390 590 2447 Praga,
613 2406 863 2448 quamquam
883 2408 970 2434 non
990 2394 1113 2435 nimis
1147 2394 1390 2436 emaculato.
1451 2395 1598 2452 Itaque

96 2472 140 2499 se
160 2457 369 2499 editurum
390 2474 442 2500 ex
458 2459 600 2502 oblato
615 2460 692 2502 sibi
708 2461 813 2503 libro
828 2478 914 2504 non
930 2462 1064 2514 fuisse,
1079 2464 1158 2505 nisi
1178 2464 1350 2506 studiosi
1365 2479 1596 2522 graecarum

98 2525 314 2568 literarum
334 2527 586 2580 institissent,
613 2538 659 2572 ut
679 2531 830 2573 ederet.
891 2533 1010 2574 Istud
1044 2534 1172 2591 igitur
1205 2534 1452 2590 exemplum,
1484 2534 1598 2576 rudi-

100 2594 179 2637 bus
199 2595 424 2638 admodum
447 2597 659 2641 literarum
694 2600 840 2658 figuris
870 2610 912 2643 et
945 2602 1203 2645 vitiosissime
1235 2619 1487 2661 expressum,
1526 2604 1599 2646 ad-

93 2664 242 2720 juncta
261 2666 448 2708 versione
467 2669 630 2723 poetica
649 2684 734 2711 non
766 2672 1083 2724 contemnenda,
1106 2689 1244 2716 versus
1279 2675 1406 2717 modo
1442 2689 1598 2717 ccxxlv

101 2732 245 2784 habet3
276 2743 417 2791 estque
437 2736 624 2792 inprimis
644 2739 688 2779 in
708 2738 800 2781 loco
820 2740 872 2782 de
895 2741 1085 2784 Concilio
1106 2743 1298 2786 Deorum
1328 2744 1444 2786 valde
1476 2744 1599 2786 muti-

100 2800 200 2844 lum.
262 2804 314 2845 In
334 2820 508 2848 numero
538 2822 731 2850 versuum
763 2812 1027 2854 consentiunt
1058 2813 1259 2856 editiones
1292 2815 1488 2871 antiquae,
1522 2829 1601 2856 nec

105 2870 332 2916 admodum
353 2874 598 2920 dissentiunt
618 2878 662 2922 in
681 2879 830 2923 verbis:
862 2890 907 2924 ut
926 2881 1045 2926 facile
1067 2893 1266 2941 appareat
1302 2900 1324 2928 e
1361 2884 1602 2928 Florentina
