1806 3187
475 175 893 228 ὈΔΥΣΣΕῙΑΣ
940 173 1024 225 Ω’.

22 333 131 384 490

162 400 265 460 ‘'ssg
292 397 441 463 ἔφατ’·

1404 170 1510 223 471

245 323 474 387 Ἐξελθῶν
501 345 566 381 τις
589 322 690 379 ἴδοι,
717 321 781 392 μὴ
812 320 860 379 δὴ
889 319 1051 391 σχεδον
1078 319 1156 373 εἶσι
1185 320 1361 379 κιόντες·

480 397 531 447 ἐκ.
559 396 593 448 δ’
623 394 709 454 υἱός
720 395 885 486 ΗΔολῖε
913 396 1019 460 κίεν,
1047 396 1098 453 ὦς
1127 394 1340 448 ἐκέλευεν·

176 479 272 533 Στῆ
299 473 341 525 δ’
372 470 442 543 o'e'g'
473 471 535 522 ἐπ’
567 468 704 522 ἔδωκ’
691 494 774 532 ιων,
803 493 879 527 τες
908 469 952 522 δὲ
983 467 1144 539 σχεδον
1173 469 1299 528 εἶ’ςιδε
1334 469 1527 528 πάντας·

176 546 328 614 Αἰψοι
356 547 393 599 δ’
422 542 711 604 Ὀδυσο-ηοι”
694 567 804 597 §.moe
830 543 1067 617 πτερόεντα
1093 544 1331 615 πξοςηύδοι·

255 621 370 674 Οἵδε
401 620 490 680 δη’
479 618 620 686 εγγὺς
647 617 766 671 ’έοιο-’·
805 619 919 671 ἀλλ’
950 617 1255 689 ὁπλιζώμεθα
1283 622 1474 671 θᾶσσον.

31 703 141 755 495
168 696 272 756 “fig
299 695 462 763 ἔφαθ’·
501 697 540 746 οἱ
568 695 604 747 δ’
634 717 826 766 ωξνυντο,
854 693 933 745 καὶ
964 694 1001 745 ἓν
1023 692 1237 764 τεύχεσσι
1263 692 1425 756 δύοντο,

180 771 411 864 Τὲο-ο-οιξες
440 771 560 840 ἀμφ’
589 769 832 830 Ὀδυσῆ’,
826 767 873 829 εξ
902 767 942 819 δ’
970 770 1072 826 υἱεῖς
1100 770 1137 819 οἱ
1166 767 1370 820 Δολίοιο·

177 847 311 900 ”Ενδ
342 843 437 917 οἴξα
466 842 669 916 Λοιὲξτης
698 843 868 902 Δολιος
897 843 932 894 τ’
964 842 1004 902 ἒς
1035 841 1186 912 τεύχε’
1213 841 1367 905 ἔδυνον,

180 921 275 974 Κοιι
303 919 452 972 πολιοι
476 942 554 991 mg
577 917 729 980 ἐόντες,
750 940 996 983 αναγκαιοι
1023 917 1292 986 πολεμιςοιι.

186 996 350 1068 Abra?
380 994 473 1046 ἐπει
497 991 587 1065 ῥ”’
568 1015 753 1045 eso-avve
779 1015 874 1065 πεξι
902 992 1013 1065 χξοῖ·
1037 1015 1203 1064 νωξοποο
1228 989 1428 1062 χαλκον,

102 1149 166 1178 490

232 1143 423 1184 “Egressus
442 1141 556 1182 aliquis
570 1140 684 1176 videat,
699 1150 740 1170 ne
751 1140 819 1181 jam
833 1150 930 1180 prope
945 1140 1010 1170 sint
1026 1140 1213 1171 venientes.''

189 1198 242 1229 Sic
256 1197 356 1228 dixit:
379 1207 522 1238 egressus
539 1201 586 1226 est
601 1201 708 1225 autem
724 1194 808 1225 filius
828 1195 927 1230 Dolii,
944 1195 1025 1225 sicut
1036 1194 1169 1235 jubebat
1188 1207 1195 1226 z

193 1252 349 1293 Stetitque
362 1250 494 1291 proinde
511 1250 552 1280 ad
566 1249 666 1280 limen
681 1249 860 1288 profectus3
884 1248 955 1279 illos
970 1259 1044 1280 vero
1059 1259 1155 1289 prope
1170 1248 1250 1280 vidit
1264 1257 1374 1280 omnes
1389 1260 1399 1287 ς

194 1307 372 1347 Statimque
387 1305 536 1346 Ulyssem
550 1305 654 1335 verbis
669 1303 760 1334 alatis
774 1303 931 1334 allocutus
951 1310 996 1334 est
1009 1316 1018 1341 ;

238 1367 256 1381 ‘⁶
278 1361 327 1391 Hi
338 1360 407 1401 jam
422 1370 519 1399 prope
535 1364 626 1389 sunt:
650 1357 706 1397 sed
721 1368 884 1389 armemur
899 1358 1024 1398 ocyus.''

112 1418 176 1449 495
201 1415 252 1446 Sic
268 1414 360 1445 dixit:
384 1414 430 1444 illi
446 1423 519 1443 vero
535 1414 738 1453 exurgebant,
755 1418 786 1443 et
805 1423 893 1443 arma
908 1412 1166 1449 sibi-induebant,

193 1469 340 1506 Quatuor
354 1468 473 1498 circum
487 1466 655 1507 Ulyssem3
675 1477 731 1498 sex
746 1472 854 1497 autem
869 1467 931 1497 filii
949 1467 1038 1497 Dolii
1056 1479 1063 1498 ε

197 1524 290 1554 Inter
302 1533 354 1554 eos
365 1532 438 1552 vero
453 1521 569 1552 deinde
584 1521 714 1552 La'e'rtes
729 1521 911 1563 Doliusque
928 1532 1016 1552 arma
1028 1521 1213 1558 induebant,

191 1578 302 1610 Etiam
313 1578 384 1609 cani
398 1577 473 1608 licet
487 1583 598 1614 essent,
616 1577 783 1608 necessarii
808 1577 984 1608 bellatores.

197 1633 245 1664 At
258 1638 424 1675 postquam
438 1632 658 1664 induerant-se
672 1633 792 1664 circum
813 1643 926 1672 corpus
942 1632 1107 1672 splendido
1118 1643 1188 1669 aere,

482 1729 546 1758 496
570 1725 711 1768 Ὀδυσῆα]
735 1727 772 1756 F.
791 1725 832 1757 A.
846 1725 882 1756 L.
900 1725 961 1756 vid.
979 1731 1043 1755 not.

50 1827 135 1870 quod
150 1826 306 1868 praecessit
328 1836 390 1857 ver.
405 1829 464 1857 361
474 1829 586 1856 —411.
612 1825 667 1856 ubi
690 1826 790 1856 Po'e'ta

53 1874 200 1913 Ulyssem,
239 1872 393 1905 La'eirtem,
420 1875 609 1909 caeterosque
631 1875 790 1899 coenantes

53 1915 257 1956 depingebat.
283 1913 322 1944 ad
337 1923 414 1954 quos
425 1913 493 1953 jam
508 1911 597 1943 redit.

100 1959 175 1989 Ver.
198 1961 271 1989 491.
294 1960 368 1989 492.
391 1957 426 1991 ὣς
451 1957 495 1987 ἒκε
486 1956 584 1987 ’λευεν-
608 1955 689 1998 >ta-n]
726 1955 791 1986 Ser.

56 2002 182 2034 ἰκὲλευε.
228 2002 309 2032 Ern.

101 2045 177 2076 Ver.
193 2047 264 2076 493.
287 2042 428 2075 Ὀδυσσῆα
450 2041 537 2084 ἔπεα]
562 2041 662 2072 Nulla
683 2041 792 2072 analo-

58 2088 112 2130 gia
133 2086 263 2127 produci
279 2086 331 2117 hic
345 2092 431 2125 potes
418 2091 446 2115 t
463 2085 576 2115 ultima
597 2085 680 2115 vocis
693 2084 794 2116 '0311oe-

60 2133 127 2165 σῆω.
173 2130 268 2170 Sequi
285 2130 371 2160 enim
388 2129 480 2159 debet
506 2129 712 2160 Accusaczvus
737 2128 795 2159 iste

63 2175 203 2206 Genitz‘vc'
221 2172 370 2206 Ὀδυσσῆος
393 2171 580 2211 analogiam,
604 2181 640 2201 ac
665 2171 796 2211 proinde

60 2218 209 2248 ultimam
234 2216 397 2255 corripere.
444 2215 526 2244 Vide
541 2214 581 2244 ad
604 2216 646 2245 Il.
670 2214 707 2245 αι’.
723 2217 796 2246 265.

65 2261 160 2292 Unde
176 2259 261 2290 haud
275 2258 418 2290 absimile
438 2257 568 2293 videtur,
589 2257 732 2288 mendosi
746 2259 798 2289 hic

62 2303 182 2345 aliquid
205 2303 311 2334 latere.
359 2302 539 2332 Occurrunt
562 2300 691 2341 quidem
716 2311 797 2332 non-

63 2357 229 2388 nunquam
254 2345 339 2385 apud
371 2346 502 2375 Po'etam
535 2343 669 2374 Vocales
692 2345 800 2375 breves

65 2390 125 2421 hoc
140 2390 244 2426 modo,
263 2396 351 2420 extra
367 2398 495 2419 omnem
511 2387 702 2428 analogiam,
728 2398 799 2427 pro-

63 2433 184 2471 ductae3
210 2432 296 2473 (vide
311 2442 405 2470 supra
428 2431 468 2461 ad
492 2431 528 2461 κ’.
556 2435 627 2462 246.
658 2434 729 2462 520.
755 2432 798 2463 π’.

68 2480 142 2507 206.
159 2482 190 2506 et
200 2476 230 2517 ρ’.
246 2476 314 2516 57.)
334 2475 455 2505 Verum
465 2473 643 2504 istiusmodi
657 2475 801 2515 exempla

67 2519 241 2550 admodum
255 2524 331 2549 sunt
345 2529 423 2548 rara.
470 2519 572 2548 Clark.
619 2517 681 2548 Sed
697 2528 752 2548 cur
766 2519 800 2549 in

68 2563 135 2593 istis
150 2563 227 2592 raris
242 2572 306 2592 non
322 2567 353 2592 et
363 2562 422 2591 hoc
438 2561 590 2600 ponatur?
614 2561 657 2590 Et
672 2560 747 2592 alibi
761 2562 801 2593 de

67 2606 129 2636 hac
144 2606 246 2636 forma
268 2605 336 2645 jam
363 2604 556 2639 monuimus,
586 2604 715 2644 produci
730 2606 801 2636 bre-

68 2659 140 2680 vem
159 2648 299 2679 vocalem
314 2659 334 2678 a
345 2657 464 2678 caesura
479 2653 510 2677 et
524 2647 621 2678 hiatu.
646 2648 739 2679 Conf.
755 2650 802 2688 ψ’.

72 2695 142 2723 102.
165 2693 276 2726 ἕτεΐές.
300 2693 381 2723 Ern.

112 2736 188 2766 Ver.
215 2738 287 2766 496.
311 2735 432 2777 Ticcoegs
436 2748 447 2768 ς
468 2735 542 2774 ἀμφ’
569 2732 694 2770 Ὀδυσῆ’,
724 2734 754 2773 ’ἐξ
778 2733 801 2766 δ’

68 2778 124 2809 νὶῖε
110 2793 133 2813 ις
151 2779 176 2810 οἱ
196 2778 331 2821 Δολίοιο·]
356 2780 514 2809 Henrz'cus
539 2779 707 2817 Stephanus
731 2777 800 2808 alii-

66 2830 129 2861 que
144 2821 196 2852 hic
211 2821 330 2862 legunt,
348 2822 486 2864 Τέσσαρες
501 2821 575 2860 ἀμφ’
592 2820 715 2857 Ὀδυσῆ,
736 2821 765 2860 ’ἐξ
779 2819 803 2851 δ’

68 2865 132 2899 υἱεῖς
150 2866 271 2896 Δολίοιο·
294 2865 349 2896 ubi
370 2865 468 2905 liquet
493 2864 645 2904 syllabam
664 2863 804 2906 aliquam

833 1825 1034 1856 intercidisse.
1079 1825 1134 1855 Ad
1160 1835 1255 1866 quam
1275 1827 1403 1867 quidem
1419 1826 1568 1867 suppleu-

834 1869 906 1899 dam
923 1869 1028 1908 plures
1040 1869 1078 1898 ab
1093 1867 1163 1898 aliis
1177 1870 1367 1910 conjecturae
1383 1870 1566 1907 afferuntur,

835 1913 882 1942 uti
899 1912 1002 1943 videre
1026 1917 1073 1941 est
1095 1912 1181 1951 apud
1200 1914 1400 1945 Barnesium.
1445 1915 1568 1944 Verum

835 1966 909 1986 cum
925 1957 973 1985 hae
989 1965 1099 1985 omnes
1119 1955 1208 1986 nulla
1233 1957 1418 1988 auctoritate
1437 1956 1566 1988 firman·

835 2005 895 2035 tur,
921 1999 1064 2029 voculam
1081 1998 1105 2029 οἱ
1120 2009 1158 2029 ex
1175 1999 1248 2030 MS.
1277 2002 1402 2041 Collegit*
1431 2003 1570 2041 Corporis

840 2044 954 2074 Christi
973 2044 1117 2073 Cantabr.
1140 2042 1191 2072 hic
1206 2043 1332 2074 inserui.
1380 2045 1479 2075 Clark.
1526 2043 1573 2074 At

838 2087 897 2116 hoc
912 2087 935 2116 οὶ
951 2086 1036 2116 haud
1051 2085 1147 2116 dubie
1157 2091 1204 2116 est
1214 2087 1253 2115 ab
1264 2093 1436 2117 correctore
1448 2087 1572 2126 explere

838 2129 984 2168 cupiente
999 2139 1133 2159 versum.
1182 2129 1300 2169 Sequar
1317 2129 1485 2160 lectionem
1500 2129 1572 2160 edd.

838 2178 991 2203 veterum.
1036 2171 1110 2202 vid.
1127 2172 1202 2203 Var.
1218 2173 1304 2203 Lect.
1329 2183 1425 2213 quam
1446 2179 1477 2204 et
1504 2174 1573 2204 Eu-

839 2218 972 2247 statlzius
987 2217 1080 2246 habet
1096 2214 1130 2245 in
1147 2215 1273 2246 Comm.
1319 2218 1401 2248 Ern.

886 2258 969 2290 Ibid.
993 2260 1030 2290 vi:
1022 2259 1072 2301 εἷς]
1100 2258 1198 2297 Apud
1218 2260 1421 2291 Eustatlzz'um
1436 2259 1470 2290 in
1485 2269 1572 2291 com-

841 2302 1004 2338 mentario,
1023 2314 1048 2333 ιιι
1040 2316 1082 2333 ισι.

888 2345 960 2376 Ver.
991 2349 1063 2377 497.
1095 2345 1224 2387 Λαερτης
1245 2345 1349 2380 Δολίος
1377 2348 1403 2376 ‘r’
1425 2348 1452 2381 ἒς
1478 2346 1579 2389 nux?

843 2387 937 2425 ’ἔδυν-ον,
953 2390 1008 2420 Κοιι
1026 2389 1121 2420 πολιοί
1140 2402 1192 2433 περ
1207 2389 1321 2431 ἒόντες,]
1346 2389 1461 2431 Virgil.

1013 2464 1063 2482 nec
1075 2458 1151 2483 tarda
1159 2459 1283 2483 senectus

875 2498 1006 2523 Debilitat
1015 2499 1085 2523 vires
1096 2499 1190 2528 animi,
1200 2500 1340 2529 mutatque
1349 2498 1483 2530 vigorem:

878 2539 1012 2564 Canitiem
1022 2539 1098 2570 galea
1110 2539 1272 2571 praemimus.

1361 2579 1423 2605 AEn.
1439 2579 1489 2604 1x.
1496 2579 1552 2604 610.

878 2629 958 2654 Nunc
969 2629 1058 2654 senior
1068 2630 1209 2661 gladioque
1218 2629 1288 2655 latus
1303 2631 1432 2661 scutoque
1443 2630 1579 2655 sinistram

909 2671 1041 2696 Canitiem
1051 2671 1134 2703 galeae
1144 2671 1307 2703 subjicioque
1316 2678 1416 2696 meam.

1251 2711 1325 2737 Ouid.
1336 2711 1415 2737 Trist.
1427 2710 1476 2735 1v.
1484 2711 1502 2736 i.
1513 2711 1554 2737 73.

889 2769 965 2800 Ver.
981 2773 1054 2802 498.
1076 2773 1232 2812 ἀναγκαῖοι
1249 2770 1435 2813 πολεμιςαῖ·]
1460 2770 1584 2802 Lucan·

1077 2829 1153 2857 fortia
1163 2831 1264 2857 virtute
1274 2832 1373 2857 coacta.

1328 2869 1453 2896 Pharsal.
1462 2869 1510 2895 lv.
1520 2869 1577 2897 798.
