1806 3187
462 146 1205 216 BATPAXOMTOMAXIA.

1475 147 1584 198 485

232 293 401 346 ‘'Oa-coa
425 293 526 364 ποιξ’
556 292 816 364 o'ngoe'vrocg,
855 314 1033 363 τξωγειν
1058 291 1178 350 ἔθος.
1223 290 1343 345 Ουδὲ
1363 313 1423 362 με
1445 294 1582 353 >afflet

136 370 245 421 35¹
245 367 403 440 Ἀξτος
430 368 760 438 τξιςκοπάνιςος
790 367 852 416 ἐπ’
883 365 1079 417 ευκύκλε
1108 366 1290 424 κανέοιο,

248 441 371 495 Οὐὸε
397 443 580 498 πλακές
608 439 885 497 τανύπεπλος
912 438 1023 508 ἔχων
1049 441 1165 491 πολὺ
1193 442 1515 516 σησαμότυοον,

246 517 320 569 Οὐ
347 513 478 584 τόμος
508 515 557 565 ἐκ
583 515 776 586 πτὲξνης,
817 513 884 583 ἐχ
909 537 1068 572 nme-roa
1095 516 1418 585 λευκοχίτωνοι,

247 591 322 642 Οὐ
349 613 471 661 τυξος
501 588 725 648 νεόπηκτος
752 586 842 640 ἀπο
870 601 937 653 γλ
927 595 1106 660 .υκεξοῖο
1133 591 1393 654 γάλακτος,

246 664 321 716 Ov
348 687 511 735 χρηςον
537 663 800 732 μελίτωμα,
830 686 890 714 το
916 663 996 714 καὶ
1023 665 1233 736 μάκαξες
1259 664 1486 728 ποθέων-ιν,

133 742 206 790 40
247 738 360 791 Οὐδ’
388 737 476 789 ὅσα,
505 738 608 810 πξός
636 738 790 795 θοίνας
817 737 1009 808 μεοόπων
1037 737 1225 808 τεύχεσι
1252 741 1466 811 μάγειροι

245 815 502 881 Koa-(hivae
510 811 705 901 ‚762575025
733 811 968 883 ἀξτύμασι
995 812 1349 865 παντοδαποῖσιν

244 885 520 939 Ὀυὸἑποτ”
508 908 558 937 εκ
585 884 796 954 πολέμοιο
823 885 963 944 κακὴν
991 886 1241 952 ἀπέφευγον
1269 889 1422 953 ἀύτῆν,

244 962 391 1012 ”Αλλ
421 958 555 1019 evSvg
582 960 705 1029 μετὰ
731 963 878 1029 μῶλον
918 958 982 1011 ἰὼν
1008 963 1310 1032 πξομὰχοισιν
1337 963 1554 1032 ἐμὶχὲην.

243 1036 325 1087 Οὐ
352 1034 451 1087 δέδι’
482 1033 723 1106 ἄνθρωπον,
764 1035 924 1106 καίπερ
951 1033 1082 1103 μέγα
1109 1037 1242 1103 σῶμα
1268 1050 1347 1108 φοξ
1353 1039 1477 1087 ἓντα·

132 1111 211 1162 45
246 1111 387 1162 ”Αλλ
418 1131 485 1160 επι
513 1107 692 1182 >tem-502¹
732 1107 797 1160 ι’ων
823 1108 1096 1161 καταδάκνω
1124 1109 1406 1163 δάκτυλον”
1372 1135 1521 1183 ακξον,

251 1258 457 1299 Quaecunque
472 1264 642 1298 suppetunt
656 1257 846 1293 hominibus,
870 1257 979 1288 rodere
994 1258 1197 1289 consuetudo.

1244 1258 1356 1300 Neque
1371 1268 1423 1290 me
1437 1258 1514 1291 latet

186 1315 229 1344 :35
253 1313 348 1344 Panis
362 1315 442 1344 bene
457 1320 562 1344 coctus
578 1313 611 1342 in
626 1313 763 1343 rotundo
777 1313 922 1349 canistro,

251 1367 362 1408 Neque
379 1368 521 1407 placenta
537 1367 606 1402 lata,
630 1369 749 1397 habens
764 1368 902 1397 multum
918 1367 1066 1398 sesamini
1082 1367 1170 1404 casei,

249 1422 325 1452 Non
340 1423 491 1462 particula
505 1429 622 1453 resecta
637 1422 676 1452 de
692 1432 799 1461 perna,
823 1432 887 1451 non
902 1422 1009 1461 jecora
1024 1423 1094 1452 alba
1110 1423 1218 1453 tunica
1232 1422 1369 1459 inducta,

250 1476 325 1506 Non
340 1487 448 1507 caseus
463 1486 571 1506 recens
586 1486 709 1516 pressus
724 1486 762 1505 ex
778 1475 863 1506 dulci
878 1475 965 1511 lacte,

252 1530 327 1560 Non
343 1532 425 1561 bona
440 1541 477 1560 ex
493 1530 587 1560 melle
604 1530 755 1569 placenta,
779 1539 875 1570 quam
890 1536 921 1559 et
935 1529 1017 1559 beati
1034 1536 1200 1569 appetunt:

188 1587 230 1614 40
253 1584 366 1625 Neque
380 1595 576 1625 quaecunque
592 1584 632 1615 ad
646 1583 755 1624 epulas
770 1584 938 1614 hominum
954 1591 1066 1624 parant
1083 1584 1175 1626 coqui

254 1639 450 1670 Instruentes
465 1639 541 1669 ollas
556 1639 766 1669 condimentis
781 1639 883 1669 variis.

252 1693 426 1735 Nunquam
441 1704 479 1724 ex
493 1693 576 1724 bello
591 1693 709 1723 malam
725 1693 794 1734 fugi
812 1703 971 1733 pugnam:

254 1747 317 1778 Sed
331 1755 415 1778 recta
437 1748 581 1787 praelium
598 1748 700 1778 iniens
715 1747 824 1787 primis
838 1748 1064 1788 pugnatoribus
1077 1749 1219 1781 misceor.

253 1801 329 1832 Non
345 1808 452 1832 metuo
468 1802 645 1839 hominem,
664 1802 806 1842 quamvis
822 1812 975 1842 magnum
991 1813 1102 1842 corpus
1117 1804 1283 1834 habentem
1300 1817 1308 1834 2

188 1857 229 1886 45
254 1855 316 1886 Sed
330 1856 371 1887 ad
387 1856 506 1887 lectum
522 1856 590 1886 iens
605 1866 769 1886 summum
784 1855 922 1897 digitum
938 1855 1118 1893 admordeo,

104 1969 307 2012 σησαμότυροι,
329 1969 415 2010 quod
449 1970 484 2001 in
512 1980 570 2001 suo
603 1970 720 2001 Codice
745 1980 834 2009 repe-

104 2018 194 2047 rerat,
215 2022 279 2042 esse
294 2022 422 2044 verum:
435 2024 509 2044 nam
525 2013 659 2044 alterum
670 2014 832 2054 orthogra-

105 2055 214 2095 phiam
233 2065 298 2085 non
313 2057 403 2087 tueri.

149 2098 225 2128 V-er.
239 2101 290 2129 37.
312 2099 419 2132 noe'oe‘toe
442 2106 564 2139 λευκοχι
557 2098 671 2141 [rmum]
687 2101 830 2131 Jecinora

106 2140 147 2171 ad
173 2142 314 2177 verbum,
336 2144 437 2173 albam
463 2145 601 2173 tunicam
623 2144 776 2178 Ιιαὸετιιιᾈα
799 2149 835 2173 ut

106 2184 204 2224 vulgo
226 2191 360 2220 vertunt,
393 2191 488 2225 utque
521 2185 603 2224 cepit
626 2186 757 2226 Lycius,
785 2186 833 2216 in-

108 2227 232 2258 tellecto
263 2229 442 2267 peritonaeo,
476 2238 499 2258 s.
536 2228 662 2267 ἐπίπλῳ,
689 2238 759 2269 quo
788 2228 837 2258 in·

107 2271 190 2301 volvi
211 2270 303 2301 solita
315 2271 465 2312 jecinora,
488 2281 563 2301 cum
589 2278 764 2302 assarentur
785 2271 835 2302 vel

108 2319 323 2353 coquerentur,
359 2314 454 2344 tradit
483 2316 649 2345 Aclaeaoeus
685 2314 757 2345 III.
785 2317 834 2345 24.

102 2357 196 2391 '2905
213 2360 257 2397 τῷ
277 2359 395 2397 ἐπίπλῳ
417 2359 683 2399 περικαλᾶπεσθαι
698 2358 834 2390 ἡπάτια.-

109 2399 196 2430 unde
217 2399 308 2449 jocus
333 2400 548 2436 meretriculae,
569 2406 692 2439 reperto
714 2400 836 2439 pulmo-

110 2451 152 2472 ne
167 2453 223 2482 pro
233 2443 373 2483 jecinore
398 2443 431 2473 in
452 2449 589 2497 qmento,
617 2443 836 2475 exclamantis:

112 2486 262 2516 ἆπὸλωλα
289 2486 410 2517 πέπλων
440 2487 473 2525 μ’
496 2486 605 2518 muctar
637 2488 842 2536 περιπτυχαίς

112 2527 251 2568 itemque
279 2531 418 2569 Creobyli
447 2529 570 2560 Comici
591 2529 678 2566 ratio,
706 2531 842 2571 αἰσχωό-

111 2584 198 2610 μενον,
234 2574 436 2603 verecundum
470 2573 608 2603 vocantis
649 2573 711 2603 tale
739 2573 839 2613 jecur.

113 2613 177 2644 Sed
199 2614 244 2644 nil
266 2614 396 2654 impedit
429 2615 564 2656 intelligi
587 2616 732 2655 jecinora
759 2618 840 2652 alba,

111 2657 264 2692 anserina,
288 2665 324 2688 ut
345 2658 466 2697 opinor,
482 2658 531 2688 vel
555 2658 656 2694 suilla,
678 2669 752 2699 quae
765 2666 841 2690 sunt

112 2700 146 2730 in
182 2699 311 2737 deliciis,
350 2707 381 2731 et
409 2707 484 2731 sunt
511 2701 622 2732 coloris
650 2702 840 2742 hujusmodi,

114 2743 196 2773 bene
212 2744 307 2782 pastis
321 2744 518 2775 animalibus.
543 2745 616 2775 MS.
629 2745 668 2775 L.
680 2755 842 2784 perperam

114 2785 235 2824 upum
277 2787 378 2830 Hau-aq
404 2788 508 2818 Graeci
524 2788 618 2818 etiam
635 2787 841 2830 interpretan-

115 2834 166 2859 tur
180 2839 281 2871 genus
295 2829 454 2871 placentae,
467 2831 566 2872 jecori
580 2830 700 2862 similis.

922 1971 996 2000 Ver.
1012 1973 1065 2000 38.
1079 1971 1121 2001 οὐ
1137 1970 1232 2013 τυρὸς]
1251 1970 1301 2001 Sic
1315 1971 1395 2001 bene
1407 1982 1424 2002 e
1437 1970 1534 2002 MSS.
1552 1970 1606 2002 de-

878 2013 924 2044 dit
939 2015 1118 2048 Barnesius,
1135 2014 1218 2053 quod
1234 2021 1280 2043 est
1295 2020 1326 2043 et
1342 2014 1373 2044 in
1392 2015 1463 2045 MS.
1480 2016 1520 2045 L
1545 2015 1608 2045 Sed

875 2057 920 2087 sic
930 2056 998 2096 jam
1014 2056 1152 2086 ediderat
1168 2067 1185 2086 e
1203 2057 1273 2086 MS.
1299 2059 1426 2097 Lycius.

920 2100 996 2129 Ver.
1010 2103 1060 2131 59
1083 2113 1115 2130 πο
1130 2101 1181 2130 καὶ
1195 2101 1326 2142 μάκαρες
1347 2113 1384 2131 πο
1386 2101 1421 2131 93
1412 2113 1467 2131 861
1470 2101 1505 2143 ν,]
1524 2104 1607 2132 Bar-

878 2145 982 2173 nesius
1006 2142 1038 2171 in
1075 2143 1157 2172 notis
1183 2142 1314 2178 dubitat,
1346 2143 1402 2173 Dii
1432 2154 1473 2173 an
1498 2144 1608 2174 divites

879 2185 1077 2226 intelligendi
1092 2185 1177 2215 sint?
1210 2188 1254 2215 At
1271 2187 1303 2216 τὸ
1330 2188 1382 2217 καὶ
1405 2186 1528 2217 videtur
1553 2197 1609 2227 pro

881 2229 954 2259 Diis
968 2229 1144 2259 decernere.

925 2272 996 2301 Ver.
1009 2276 1058 2301 40.
1075 2273 1141 2314 πρὸς
1154 2271 1268 2313 θοίνας]
1292 2271 1344 2302 Sic
1365 2273 1485 2313 Lycius
1499 2283 1517 2303 e
1534 2273 1607 2304 MS.

879 2321 948 2353 post
964 2317 1093 2345 Barnes.
1118 2324 1135 2344 e
1150 2314 1281 2345 duobus.
1306 2316 1382 2345 MS.
1407 2317 1447 2346 L.
1463 2315 1534 2347 edd.
1551 2326 1612 2347 σεε..

880 2365 953 2388 terae
968 2359 1000 2387 in
1016 2358 1110 2390 θοίνην
1125 2359 1335 2388 consentiunt.

926 2401 1000 2431 Ver.
1022 2404 1071 2431 42.
1087 2405 1137 2432 45.
1154 2405 1205 2432 46.
1220 2403 1386 2441 Berglerus
1402 2400 1435 2431 in
1459 2402 1546 2441 praef.
1571 2403 1612 2434 ad

884 2443 1059 2484 Odysseam
1075 2444 1197 2484 colligit
1211 2445 1294 2480 hinc,
1313 2444 1447 2475 Homeri
1463 2455 1527 2475 non
1544 2456 1612 2477 esse

888 2487 1284 2526 Batrachomyomachiam,
1301 2487 1385 2527 quod
1407 2488 1440 2517 in
1461 2490 1613 2529 ἀπέφυγεν

888 2531 993 2560 media
1009 2531 1207 2570 producatur.
1228 2537 1259 2560 et
1274 2531 1306 2560 in
1322 2531 1415 2562 ἵκανεν
1429 2533 1614 2571 corripiatur

885 2573 1003 2603 vitiose.
1050 2574 1097 2603 At
1111 2584 1184 2604 curn
1197 2573 1365 2614 antiquum
1375 2580 1482 2605 tamen
1494 2575 1533 2604 sit
1545 2584 1612 2605 car-

883 2626 972 2646 men:
999 2616 1159 2656 quomodo
1174 2617 1276 2656 potuit
1292 2618 1413 2647 Auctor
1428 2624 1491 2648 tarn
1508 2617 1612 2657 gravi-

884 2666 931 2690 ter
958 2669 1092 2698 peccare,
1117 2659 1295 2700 quicunque
1320 2660 1379 2690 sit?
1404 2661 1514 2700 ltaque
1538 2660 1614 2690 talia

885 2701 989 2741 potius
1003 2702 1186 2743 corrigenda
1203 2709 1284 2738 sunt,
1298 2710 1334 2733 ut
1348 2703 1513 2733 manifesta
1529 2703 1612 2740 vitia.

885 2745 991 2786 qualia
1005 2745 1101 2776 etiam
1117 2745 1149 2776 in
1165 2746 1282 2777 multos
1310 2746 1429 2776 Iliados
1445 2751 1477 2775 et
1501 2745 1613 2785 Odyss.

889 2788 1020 2837 Codices
1033 2789 1181 2830 irrepsere
1186 2801 1197 2829 3
1220 2788 1304 2831 quod
1320 2796 1351 2820 et
1365 2788 1406 2820 ad
1421 2798 1481 2820 ver.
1497 2792 1548 2820 47.
1563 2792 1615 2821 59.

885 2837 1028 2871 pertinet.
