<?xml version="1.0" encoding="UTF-8"?>
<!DOCTYPE html PUBLIC "-//W3C//DTD XHTML 1.0 Transitional//EN"
    "http://www.w3.org/TR/xhtml1/DTD/xhtml1-transitional.dtd">
<html xmlns="http://www.w3.org/1999/xhtml" xml:lang="en" lang="en">
 <head>
  <title>
</title>
<meta http-equiv="Content-Type" content="text/html;charset=utf-8" />
  <meta name='ocr-system' content='tesseract 3.04.00' />
  <meta name='ocr-capabilities' content='ocr_page ocr_carea ocr_par ocr_line ocrx_word'/>
</head>
<body>
  <div class='ocr_page' id='page_1' title='image "./operaomnia04home/operaomnia04home_0493.png"; bbox 0 0 1806 3187; ppageno 0'>
   <div class='ocr_carea' id='block_1_1' title="bbox 610 630 1071 675">
    <p class='ocr_par' dir='ltr' id='par_1_1' title="bbox 610 630 1071 675">
     <span class='ocr_line' id='line_1_1' title="bbox 610 630 1071 675; baseline -0.004 0"><span class='ocrx_word' id='word_1_1' title='bbox 610 630 1071 675; x_wconf 83' lang='lat' dir='ltr'>ARGUMENTUM</span> 
     </span>
    </p>
   </div>
   <div class='ocr_carea' id='block_1_2' title="bbox 363 814 1326 871">
    <p class='ocr_par' dir='ltr' id='par_1_2' title="bbox 363 814 1326 871">
     <span class='ocr_line' id='line_1_2' title="bbox 363 814 1326 871; baseline -0.001 0"><span class='ocrx_word' id='word_1_2' title='bbox 363 814 1326 871; x_wconf 85' lang='lat' dir='ltr'><strong>BATRACHOMYOMACHIAE.</strong></span> 
     </span>
    </p>
   </div>
   <div class='ocr_carea' id='block_1_3' title="bbox 96 1011 1595 1358">
    <p class='ocr_par' dir='ltr' id='par_1_3' title="bbox 96 1011 1595 1358">
     <span class='ocr_line' id='line_1_3' title="bbox 103 1011 1594 1079; baseline -0.001 -16"><span class='ocrx_word' id='word_1_3' title='bbox 103 1011 217 1065; x_wconf 81' lang='lat' dir='ltr'>CUM</span> <span class='ocrx_word' id='word_1_4' title='bbox 235 1036 326 1063; x_wconf 90' lang='lat' dir='ltr'>mus</span> <span class='ocrx_word' id='word_1_5' title='bbox 345 1021 627 1078; x_wconf 82' lang='lat' dir='ltr'>insequentem</span> <span class='ocrx_word' id='word_1_6' title='bbox 647 1021 863 1063; x_wconf 87' lang='lat' dir='ltr'><strong>mustelam</strong></span> <span class='ocrx_word' id='word_1_7' title='bbox 884 1021 1103 1079; x_wconf 84' lang='lat' dir='ltr'>effugisset,</span> <span class='ocrx_word' id='word_1_8' title='bbox 1130 1029 1171 1062; x_wconf 90' lang='lat' dir='ltr'>et</span> <span class='ocrx_word' id='word_1_9' title='bbox 1201 1020 1255 1062; x_wconf 92' lang='lat' dir='ltr'>ad</span> <span class='ocrx_word' id='word_1_10' title='bbox 1285 1019 1477 1076; x_wconf 82' lang='lat' dir='ltr'>paludem</span> <span class='ocrx_word' id='word_1_11' title='bbox 1508 1018 1594 1062; x_wconf 83' lang='lat' dir='ltr'>sitis</span> 
     </span>
     <span class='ocr_line' id='line_1_4' title="bbox 98 1093 1595 1149; baseline -0.001 -15"><span class='ocrx_word' id='word_1_12' title='bbox 98 1093 285 1135; x_wconf 82' lang='lat' dir='ltr'>levandae</span> <span class='ocrx_word' id='word_1_13' title='bbox 306 1108 447 1135; x_wconf 82' lang='lat' dir='ltr'><strong>caussa</strong></span> <span class='ocrx_word' id='word_1_14' title='bbox 467 1093 723 1143; x_wconf 86' lang='lat' dir='ltr'>cucurrisset,</span> <span class='ocrx_word' id='word_1_15' title='bbox 754 1093 956 1149; x_wconf 85' lang='lat' dir='ltr'>colloquio</span> <span class='ocrx_word' id='word_1_16' title='bbox 977 1102 1070 1134; x_wconf 90' lang='lat' dir='ltr'>orto</span> <span class='ocrx_word' id='word_1_17' title='bbox 1100 1093 1206 1134; x_wconf 89' lang='lat' dir='ltr'>inter</span> <span class='ocrx_word' id='word_1_18' title='bbox 1236 1107 1331 1133; x_wconf 91' lang='lat' dir='ltr'>eum</span> <span class='ocrx_word' id='word_1_19' title='bbox 1362 1100 1402 1133; x_wconf 91' lang='lat' dir='ltr'>et</span> <span class='ocrx_word' id='word_1_20' title='bbox 1432 1106 1595 1142; x_wconf 88' lang='lat' dir='ltr'>ranam,</span> 
     </span>
     <span class='ocr_line' id='line_1_5' title="bbox 99 1162 1594 1220; baseline -0.001 -16"><span class='ocrx_word' id='word_1_21' title='bbox 99 1162 152 1204; x_wconf 89' lang='lat' dir='ltr'>de</span> <span class='ocrx_word' id='word_1_22' title='bbox 171 1163 384 1219; x_wconf 91' lang='lat' dir='ltr'>utriusque</span> <span class='ocrx_word' id='word_1_23' title='bbox 404 1163 498 1203; x_wconf 88' lang='lat' dir='ltr'>vitae</span> <span class='ocrx_word' id='word_1_24' title='bbox 519 1178 681 1220; x_wconf 83' lang='lat' dir='ltr'>genere,</span> <span class='ocrx_word' id='word_1_25' title='bbox 715 1178 805 1204; x_wconf 89' lang='lat' dir='ltr'>mus</span> <span class='ocrx_word' id='word_1_26' title='bbox 825 1163 1021 1204; x_wconf 82' lang='lat' dir='ltr'>invitatus</span> <span class='ocrx_word' id='word_1_27' title='bbox 1051 1179 1076 1204; x_wconf 88' lang='lat' dir='ltr'>a</span> <span class='ocrx_word' id='word_1_28' title='bbox 1105 1177 1207 1203; x_wconf 87' lang='lat' dir='ltr'>rana</span> <span class='ocrx_word' id='word_1_29' title='bbox 1237 1162 1477 1203; x_wconf 79' lang='lat' dir='ltr'>conscendit</span> <span class='ocrx_word' id='word_1_30' title='bbox 1508 1163 1594 1216; x_wconf 87' lang='lat' dir='ltr'>ejus</span> 
     </span>
     <span class='ocr_line' id='line_1_6' title="bbox 96 1231 1594 1289; baseline -0.001 -16"><span class='ocrx_word' id='word_1_31' title='bbox 96 1238 274 1289; x_wconf 86' lang='lat' dir='ltr'>tergum,</span> <span class='ocrx_word' id='word_1_32' title='bbox 297 1240 342 1273; x_wconf 91' lang='lat' dir='ltr'>ut</span> <span class='ocrx_word' id='word_1_33' title='bbox 361 1247 435 1287; x_wconf 90' lang='lat' dir='ltr'>per</span> <span class='ocrx_word' id='word_1_34' title='bbox 454 1247 569 1273; x_wconf 87' lang='lat' dir='ltr'>mare</span> <span class='ocrx_word' id='word_1_35' title='bbox 588 1241 729 1274; x_wconf 83' lang='lat' dir='ltr'>vectus</span> <span class='ocrx_word' id='word_1_36' title='bbox 750 1241 1015 1289; x_wconf 87' lang='lat' dir='ltr'>cognosceret</span> <span class='ocrx_word' id='word_1_37' title='bbox 1035 1232 1147 1273; x_wconf 88' lang='lat' dir='ltr'>bona</span> <span class='ocrx_word' id='word_1_38' title='bbox 1167 1247 1376 1273; x_wconf 85' lang='lat' dir='ltr'>ranarum.</span> <span class='ocrx_word' id='word_1_39' title='bbox 1432 1231 1594 1272; x_wconf 88' lang='lat' dir='ltr'>Natan-</span> 
     </span>
     <span class='ocr_line' id='line_1_7' title="bbox 96 1301 1594 1358; baseline -0.001 -16"><span class='ocrx_word' id='word_1_40' title='bbox 96 1302 207 1344; x_wconf 92' lang='lat' dir='ltr'>tibus</span> <span class='ocrx_word' id='word_1_41' title='bbox 230 1317 326 1344; x_wconf 87' lang='lat' dir='ltr'>cum</span> <span class='ocrx_word' id='word_1_42' title='bbox 355 1302 513 1358; x_wconf 85' lang='lat' dir='ltr'>hydrus</span> <span class='ocrx_word' id='word_1_43' title='bbox 543 1303 811 1358; x_wconf 84' lang='lat' dir='ltr'>apparuisset,</span> <span class='ocrx_word' id='word_1_44' title='bbox 844 1317 946 1344; x_wconf 82' lang='lat' dir='ltr'>rana</span> <span class='ocrx_word' id='word_1_45' title='bbox 972 1317 1060 1357; x_wconf 85' lang='lat' dir='ltr'>prae</span> <span class='ocrx_word' id='word_1_46' title='bbox 1080 1311 1238 1343; x_wconf 82' lang='lat' dir='ltr'>terrore</span> <span class='ocrx_word' id='word_1_47' title='bbox 1257 1301 1386 1343; x_wconf 87' lang='lat' dir='ltr'>oblita</span> <span class='ocrx_word' id='word_1_48' title='bbox 1404 1301 1594 1356; x_wconf 86' lang='lat' dir='ltr'>hospitis,</span> 
     </span>
    </p>
   </div>
   <div class='ocr_carea' id='block_1_4' title="bbox 97 1371 1596 1486">
    <p class='ocr_par' dir='ltr' id='par_1_4' title="bbox 97 1371 1596 1486">
     <span class='ocr_line' id='line_1_8' title="bbox 97 1371 1595 1428; baseline -0.001 -14"><span class='ocrx_word' id='word_1_49' title='bbox 97 1372 278 1414; x_wconf 87' lang='lat' dir='ltr'>defertur</span> <span class='ocrx_word' id='word_1_50' title='bbox 293 1372 339 1413; x_wconf 87' lang='lat' dir='ltr'>in</span> <span class='ocrx_word' id='word_1_51' title='bbox 359 1371 629 1428; x_wconf 88' lang='lat' dir='ltr'>profundum,</span> <span class='ocrx_word' id='word_1_52' title='bbox 653 1380 774 1428; x_wconf 91' lang='lat' dir='ltr'>atque</span> <span class='ocrx_word' id='word_1_53' title='bbox 794 1373 852 1412; x_wconf 85' lang='lat' dir='ltr'>ita</span> <span class='ocrx_word' id='word_1_54' title='bbox 871 1387 962 1413; x_wconf 88' lang='lat' dir='ltr'>mus</span> <span class='ocrx_word' id='word_1_55' title='bbox 989 1373 1095 1426; x_wconf 88' lang='lat' dir='ltr'>perit</span> <span class='ocrx_word' id='word_1_56' title='bbox 1124 1373 1167 1413; x_wconf 90' lang='lat' dir='ltr'>in</span> <span class='ocrx_word' id='word_1_57' title='bbox 1199 1373 1333 1413; x_wconf 86' lang='lat' dir='ltr'>undis.</span> <span class='ocrx_word' id='word_1_58' title='bbox 1395 1372 1496 1427; x_wconf 89' lang='lat' dir='ltr'>Ejus</span> <span class='ocrx_word' id='word_1_59' title='bbox 1527 1386 1595 1412; x_wconf 87' lang='lat' dir='ltr'>ca-</span> 
     </span>
     <span class='ocr_line' id='line_1_9' title="bbox 97 1429 1596 1486; baseline -0.001 -13"><span class='ocrx_word' id='word_1_60' title='bbox 97 1446 164 1473; x_wconf 90' lang='lat' dir='ltr'>sus</span> <span class='ocrx_word' id='word_1_61' title='bbox 195 1437 400 1486; x_wconf 86' lang='lat' dir='ltr'>spectator</span> <span class='ocrx_word' id='word_1_62' title='bbox 429 1445 520 1471; x_wconf 89' lang='lat' dir='ltr'>mus</span> <span class='ocrx_word' id='word_1_63' title='bbox 551 1430 666 1480; x_wconf 86' lang='lat' dir='ltr'>alius,</span> <span class='ocrx_word' id='word_1_64' title='bbox 689 1429 819 1471; x_wconf 89' lang='lat' dir='ltr'>defert</span> <span class='ocrx_word' id='word_1_65' title='bbox 840 1445 925 1471; x_wconf 89' lang='lat' dir='ltr'>rem</span> <span class='ocrx_word' id='word_1_66' title='bbox 947 1430 999 1471; x_wconf 90' lang='lat' dir='ltr'>ad</span> <span class='ocrx_word' id='word_1_67' title='bbox 1020 1445 1169 1481; x_wconf 89' lang='lat' dir='ltr'>mures,</span> <span class='ocrx_word' id='word_1_68' title='bbox 1192 1431 1263 1486; x_wconf 90' lang='lat' dir='ltr'>qui</span> <span class='ocrx_word' id='word_1_69' title='bbox 1284 1446 1308 1472; x_wconf 85' lang='lat' dir='ltr'>a</span> <span class='ocrx_word' id='word_1_70' title='bbox 1328 1439 1446 1486; x_wconf 86' lang='lat' dir='ltr'>patre</span> <span class='ocrx_word' id='word_1_71' title='bbox 1467 1429 1596 1472; x_wconf 84' lang='lat' dir='ltr'>suffo-</span> 
     </span>
    </p>
   </div>
   <div class='ocr_carea' id='block_1_5' title="bbox 96 1498 1599 2029">
    <p class='ocr_par' dir='ltr' id='par_1_5' title="bbox 96 1498 1599 2029">
     <span class='ocr_line' id='line_1_10' title="bbox 97 1498 1598 1555; baseline -0.002 -12"><span class='ocrx_word' id='word_1_72' title='bbox 97 1500 179 1544; x_wconf 87' lang='lat' dir='ltr'>cati</span> <span class='ocrx_word' id='word_1_73' title='bbox 199 1500 327 1541; x_wconf 85' lang='lat' dir='ltr'>muris</span> <span class='ocrx_word' id='word_1_74' title='bbox 357 1499 516 1540; x_wconf 87' lang='lat' dir='ltr'>incitati</span> <span class='ocrx_word' id='word_1_75' title='bbox 546 1498 697 1540; x_wconf 90' lang='lat' dir='ltr'>bellum</span> <span class='ocrx_word' id='word_1_76' title='bbox 728 1499 922 1540; x_wconf 86' lang='lat' dir='ltr'>adversus</span> <span class='ocrx_word' id='word_1_77' title='bbox 950 1514 1069 1540; x_wconf 85' lang='lat' dir='ltr'>ranas</span> <span class='ocrx_word' id='word_1_78' title='bbox 1099 1509 1259 1555; x_wconf 87' lang='lat' dir='ltr'>parant.</span> <span class='ocrx_word' id='word_1_79' title='bbox 1323 1500 1457 1540; x_wconf 85' lang='lat' dir='ltr'>Ranae</span> <span class='ocrx_word' id='word_1_80' title='bbox 1486 1499 1598 1541; x_wconf 85' lang='lat' dir='ltr'>fama.</span> 
     </span>
     <span class='ocr_line' id='line_1_11' title="bbox 96 1568 1598 1627; baseline -0.001 -16"><span class='ocrx_word' id='word_1_81' title='bbox 96 1571 293 1627; x_wconf 88' lang='lat' dir='ltr'>primum,</span> <span class='ocrx_word' id='word_1_82' title='bbox 316 1569 467 1610; x_wconf 91' lang='lat' dir='ltr'>deinde</span> <span class='ocrx_word' id='word_1_83' title='bbox 486 1568 804 1610; x_wconf 84' lang='lat' dir='ltr'>denunciatione</span> <span class='ocrx_word' id='word_1_84' title='bbox 824 1569 918 1610; x_wconf 90' lang='lat' dir='ltr'>belli</span> <span class='ocrx_word' id='word_1_85' title='bbox 938 1569 1111 1619; x_wconf 86' lang='lat' dir='ltr'>incitati,</span> <span class='ocrx_word' id='word_1_86' title='bbox 1133 1570 1289 1624; x_wconf 87' lang='lat' dir='ltr'>pariter</span> <span class='ocrx_word' id='word_1_87' title='bbox 1309 1585 1350 1610; x_wconf 92' lang='lat' dir='ltr'>se</span> <span class='ocrx_word' id='word_1_88' title='bbox 1372 1570 1424 1610; x_wconf 90' lang='lat' dir='ltr'>ad</span> <span class='ocrx_word' id='word_1_89' title='bbox 1440 1569 1598 1610; x_wconf 89' lang='lat' dir='ltr'>bellum</span> 
     </span>
     <span class='ocr_line' id='line_1_12' title="bbox 98 1638 1596 1696; baseline 0.001 -16"><span class='ocrx_word' id='word_1_90' title='bbox 98 1646 354 1695; x_wconf 81' lang='lat' dir='ltr'>comparant.</span> <span class='ocrx_word' id='word_1_91' title='bbox 416 1638 577 1696; x_wconf 86' lang='lat' dir='ltr'>Pugnae</span> <span class='ocrx_word' id='word_1_92' title='bbox 618 1639 736 1695; x_wconf 83' lang='lat' dir='ltr'>signo</span> <span class='ocrx_word' id='word_1_93' title='bbox 763 1639 874 1688; x_wconf 84' lang='lat' dir='ltr'>dato,</span> <span class='ocrx_word' id='word_1_94' title='bbox 906 1640 1055 1680; x_wconf 87' lang='lat' dir='ltr'>acriter</span> <span class='ocrx_word' id='word_1_95' title='bbox 1083 1648 1337 1680; x_wconf 90' lang='lat' dir='ltr'>concurrunt</span> <span class='ocrx_word' id='word_1_96' title='bbox 1377 1640 1596 1681; x_wconf 83' lang='lat' dir='ltr'>exercitus.</span> 
     </span>
     <span class='ocr_line' id='line_1_13' title="bbox 101 1707 1599 1762; baseline -0.001 -12"><span class='ocrx_word' id='word_1_97' title='bbox 101 1708 186 1750; x_wconf 89' lang='lat' dir='ltr'>Sed</span> <span class='ocrx_word' id='word_1_98' title='bbox 206 1722 303 1749; x_wconf 89' lang='lat' dir='ltr'>cum</span> <span class='ocrx_word' id='word_1_99' title='bbox 321 1707 439 1748; x_wconf 88' lang='lat' dir='ltr'>multi</span> <span class='ocrx_word' id='word_1_100' title='bbox 462 1708 655 1762; x_wconf 90' lang='lat' dir='ltr'>utrinque</span> <span class='ocrx_word' id='word_1_101' title='bbox 674 1707 884 1757; x_wconf 83' lang='lat' dir='ltr'>caderent,</span> <span class='ocrx_word' id='word_1_102' title='bbox 907 1708 1078 1749; x_wconf 88' lang='lat' dir='ltr'>victoria</span> <span class='ocrx_word' id='word_1_103' title='bbox 1098 1716 1237 1749; x_wconf 86' lang='lat' dir='ltr'>tamen</span> <span class='ocrx_word' id='word_1_104' title='bbox 1258 1708 1310 1749; x_wconf 92' lang='lat' dir='ltr'>ad</span> <span class='ocrx_word' id='word_1_105' title='bbox 1327 1723 1465 1750; x_wconf 88' lang='lat' dir='ltr'>mures</span> <span class='ocrx_word' id='word_1_106' title='bbox 1480 1708 1599 1750; x_wconf 89' lang='lat' dir='ltr'>incli-</span> 
     </span>
     <span class='ocr_line' id='line_1_14' title="bbox 100 1777 1598 1836; baseline -0.001 -17"><span class='ocrx_word' id='word_1_107' title='bbox 100 1778 226 1819; x_wconf 86' lang='lat' dir='ltr'>navit.</span> <span class='ocrx_word' id='word_1_108' title='bbox 270 1777 472 1826; x_wconf 87' lang='lat' dir='ltr'>Quicum</span> <span class='ocrx_word' id='word_1_109' title='bbox 500 1777 553 1818; x_wconf 89' lang='lat' dir='ltr'>ad</span> <span class='ocrx_word' id='word_1_110' title='bbox 573 1777 896 1818; x_wconf 79' lang='lat' dir='ltr'>internecionem</span> <span class='ocrx_word' id='word_1_111' title='bbox 925 1792 1120 1819; x_wconf 87' lang='lat' dir='ltr'>ranarum</span> <span class='ocrx_word' id='word_1_112' title='bbox 1151 1786 1402 1836; x_wconf 81' lang='lat' dir='ltr'>pugnarent,</span> <span class='ocrx_word' id='word_1_113' title='bbox 1433 1778 1598 1834; x_wconf 86' lang='lat' dir='ltr'>Jupiter</span> 
     </span>
     <span class='ocr_line' id='line_1_15' title="bbox 98 1845 1595 1904; baseline -0.001 -16"><span class='ocrx_word' id='word_1_114' title='bbox 98 1848 282 1904; x_wconf 88' lang='lat' dir='ltr'>primum</span> <span class='ocrx_word' id='word_1_115' title='bbox 302 1845 471 1887; x_wconf 86' lang='lat' dir='ltr'>fulmine</span> <span class='ocrx_word' id='word_1_116' title='bbox 500 1861 570 1887; x_wconf 92' lang='lat' dir='ltr'>eos</span> <span class='ocrx_word' id='word_1_117' title='bbox 598 1846 804 1887; x_wconf 87' lang='lat' dir='ltr'>deterrere</span> <span class='ocrx_word' id='word_1_118' title='bbox 831 1856 972 1888; x_wconf 85' lang='lat' dir='ltr'>tentat.</span> <span class='ocrx_word' id='word_1_119' title='bbox 1035 1847 1099 1888; x_wconf 87' lang='lat' dir='ltr'>Ea</span> <span class='ocrx_word' id='word_1_120' title='bbox 1125 1861 1189 1888; x_wconf 91' lang='lat' dir='ltr'>res</span> <span class='ocrx_word' id='word_1_121' title='bbox 1219 1862 1313 1889; x_wconf 91' lang='lat' dir='ltr'>cum</span> <span class='ocrx_word' id='word_1_122' title='bbox 1345 1862 1482 1889; x_wconf 76' lang='lat' dir='ltr'>mures</span> <span class='ocrx_word' id='word_1_123' title='bbox 1508 1862 1595 1888; x_wconf 89' lang='lat' dir='ltr'>non</span> 
     </span>
     <span class='ocr_line' id='line_1_16' title="bbox 98 1915 1595 1974; baseline 0.001 -16"><span class='ocrx_word' id='word_1_124' title='bbox 98 1918 317 1966; x_wconf 69' lang='lat' dir='ltr'>coerceret,</span> <span class='ocrx_word' id='word_1_125' title='bbox 340 1915 450 1956; x_wconf 88' lang='lat' dir='ltr'>misit</span> <span class='ocrx_word' id='word_1_126' title='bbox 477 1930 662 1967; x_wconf 82' lang='lat' dir='ltr'>cancros,</span> <span class='ocrx_word' id='word_1_127' title='bbox 686 1931 709 1957; x_wconf 84' lang='lat' dir='ltr'>a</span> <span class='ocrx_word' id='word_1_128' title='bbox 730 1915 876 1972; x_wconf 76' lang='lat' dir='ltr'>quibus</span> <span class='ocrx_word' id='word_1_129' title='bbox 900 1930 1034 1958; x_wconf 90' lang='lat' dir='ltr'>mures</span> <span class='ocrx_word' id='word_1_130' title='bbox 1054 1916 1230 1959; x_wconf 83' lang='lat' dir='ltr'>mutilati</span> <span class='ocrx_word' id='word_1_131' title='bbox 1251 1916 1415 1974; x_wconf 83' lang='lat' dir='ltr'>fugiunt</span> <span class='ocrx_word' id='word_1_132' title='bbox 1432 1926 1471 1960; x_wconf 90' lang='lat' dir='ltr'>et</span> <span class='ocrx_word' id='word_1_133' title='bbox 1487 1933 1595 1974; x_wconf 71' lang='lat' dir='ltr'>pug=</span> 
     </span>
     <span class='ocr_line' id='line_1_17' title="bbox 97 1986 559 2029; baseline 0 -1"><span class='ocrx_word' id='word_1_134' title='bbox 97 1986 226 2028; x_wconf 86' lang='lat' dir='ltr'>nandi</span> <span class='ocrx_word' id='word_1_135' title='bbox 246 1986 373 2028; x_wconf 89' lang='lat' dir='ltr'>finem</span> <span class='ocrx_word' id='word_1_136' title='bbox 392 1986 559 2029; x_wconf 82' lang='lat' dir='ltr'>faciunt.</span> 
     </span>
    </p>
   </div>
   <div class='ocr_carea' id='block_1_6' title="bbox 121 2858 837 2898">
    <p class='ocr_par' dir='ltr' id='par_1_6' title="bbox 121 2858 837 2898">
     <span class='ocr_line' id='line_1_18' title="bbox 121 2858 837 2898; baseline 0.003 -3"><span class='ocrx_word' id='word_1_137' title='bbox 121 2858 207 2895; x_wconf 75' lang='lat' dir='ltr'>Vox..</span> <span class='ocrx_word' id='word_1_138' title='bbox 225 2861 289 2896; x_wconf 89' lang='lat' dir='ltr'>IV.</span> <span class='ocrx_word' id='word_1_139' title='bbox 769 2867 789 2895; x_wconf 71' lang='lat'>23</span> <span class='ocrx_word' id='word_1_140' title='bbox 806 2862 837 2898; x_wconf 79' lang='lat' dir='ltr'>P</span> 
     </span>
    </p>
   </div>
  </div>
 </body>
</html>
