1806 3187
200 133 309 185 492

781 128 1103 182 *ΟΜΗΡΟΥ

356 274 583 343 Κνημῖδοις
612 297 692 343 μεν
719 297 874 347 argon-oe
899 299 993 348 πεξι
1021 277 1227 351 κνῆμησιν
1252 278 1441 347 ἕθηκοιν,

353 350 589 410 Ῥῆξοιντες
617 351 797 418 κυὰμες
823 350 1020 423 χλωξὲς,
1048 354 1134 403 εὖτ’
1161 356 1454 417 &emko-avus,

217 425 322 476 125
364 420 460 480 Οὓς
488 423 613 474 αὐτοὶ
642 423 716 475 διοὶ
745 447 891 483 νυκτος
919 426 1143 485 ἐπιςίιντες
1171 427 1467 500 κατέτξωξοιν.

359 496 576 586 Θωξηκοις
605 497 638 549 δ’
669 494 790 566 εἰχον
815 499 1167 566 κοιλοιμοςεφὲων
1193 501 1281 553 ἀπο
1307 503 1494 574 Rogo-032¹,

363 567 459 628 Οὓς
487 569 657 634 γοιλὲην
684 570 935 641 ἂείξοιντες’
924 572 1188 639 επιςοιμένως
1216 574 1432 634 ἐποίησαν.

360 645 526 702 Ἀσπὶς
554 642 649 696 δ’
622 651 667 701 ἦν
695 644 840 712 >nixus
868 668 916 696 το
941 645 1256 714 μεσομφοιλον·
1301 651 1323 706 ἡ
1352 649 1398 700 δέ
1427 673 1469 702 νυ
1496 648 1653 721 λογχη
1703 666 1706 667 ’

359 718 570 786 Εὐμηκης
596 716 776 779 βελονη,
802 720 1109 787 παγχάλκεον
1135 717 1258 791 ’ἔργον
1275 719 1457 793 ”Agnos

219 795 323 844 130
356 793 422 842 H
450 791 494 842 δὲ
521 790 650 880 κόξυς
674 815 722 842 το
750 791 935 863 λέπυξον
963 793 1029 844 ἐπὶ
1056 796 1292 864 κξοτάφοις
1318 795 1512 867 καξύοιο.

438 863 573 916 Οὕτω
597 887 677 933 μεν
703 865 811 933 μύες
840 872 950 923 ἦσαν
976 866 1160 918 ἐ’νοπλοι·
1202 869 1252 926 ὣς
1281 869 1357 919 δ”
1345 891 1516 929 ενοησοιν

363 939 621 1009 Βάτξοιγοι,
650 938 910 999 ἐξοινὲὂυο-αν
937 941 1014 1004 ἀφ’
1044 937 1223 998 υδοι·τος
1262 945 1317 1000 εἷς
1352 942 1434 993 δ”
1414 967 1486 995 ενοι
1511 967 1646 1016 zogora

361 1011 622 1072 Ε’λὲτόντες,
647 1011 794 1074 βελην
821 1011 1008 1076 ξύνοιγον
1033 1013 1244 1081 πολέμοιο
1270 1021 1443 1067 κοικοῗο.

363 1083 670 1154 Σκεπτομὲνων
697 1083 730 1136 δ’
761 1084 914 1146 οιυτῶν,
949 1083 1131 1139 πόθεν
1111 1110 1134 1145 η
1162 1088 1310 1151 ςάσις,
1343 1086 1366 1148 ἢ
1395 1089 1460 1150 τίς
1485 1088 1656 1161 ομιλος·

365 1236 480 1266 Ocreas
495 1233 621 1275 quidem
638 1235 774 1274 primum
790 1235 932 1265 cruribus
946 1235 1226 1273 circumdederunt,

361 1289 553 1330 Frangentes
567 1289 653 1319 fabas
667 1288 787 1325 virides
804 1295 936 1329 apteque
951 1289 1150 1328 elaborantes,

280 1346 338 1374 125
363 1343 450 1379 Quas
465 1343 523 1382 ipsi
538 1353 592 1382 per
607 1349 731 1373 noctem
747 1343 867 1373 assidue
883 1342 1076 1374 devorarant.

362 1397 519 1427 Thoraces
533 1403 639 1427 autem
654 1398 809 1427 habebant
823 1396 862 1427 de
877 1397 975 1433 coriis,
992 1397 1116 1428 culmeo
1131 1398 1256 1429 vinculo
1271 1399 1410 1438 munitis,

362 1453 459 1489 Quos,
475 1452 516 1482 de
530 1452 665 1482 mustela
679 1452 839 1488 excoriata,
856 1452 987 1483 scienter
1001 1452 1148 1484 fecerant.

362 1509 494 1540 Scutum
510 1515 616 1539 autem
631 1515 696 1539 erat
709 1508 816 1548 lychni
830 1508 954 1539 medius
968 1510 1074 1539 umbo.
1119 1509 1182 1541 Sed
1196 1509 1314 1547 lancea,

363 1563 564 1603 Bene-longa
578 1573 659 1599 acus,
678 1573 793 1592 aereum
810 1572 889 1602 opus
905 1562 1026 1595 Martis.

280 1621 341 1650 130
366 1618 465 1649 Galea
478 1627 551 1648 vero
566 1623 670 1648 cortex
686 1617 719 1647 in
736 1617 932 1656 temporibus,
949 1617 1046 1649 nucis.

405 1673 458 1703 Ita
472 1672 600 1713 quidem
613 1682 719 1702 mures
734 1678 823 1702 erant
836 1671 956 1702 armati.
1001 1671 1048 1702 Ut
1063 1677 1168 1702 autem
1180 1672 1403 1705 inteuexerunt

362 1727 471 1762 Ranae,
487 1732 681 1756 emerserunt
695 1736 733 1755 ex
748 1735 836 1765 aqua,
853 1725 947 1766 inque
962 1735 1064 1755 unum
1077 1726 1187 1757 locum

363 1780 517 1811 Profectae
532 1779 699 1809 consilium
714 1779 852 1809 inierunt
868 1779 906 1809 de
921 1779 1002 1809 bello
1016 1779 1109 1810 malo.

368 1833 587 1875 cogitantibus
600 1839 706 1863 autem
720 1832 790 1869 illis,
806 1832 891 1863 unde
905 1832 1024 1870 seditio,
1039 1838 1094 1863 aut
1108 1843 1178 1875 quae
1192 1834 1298 1864 turba:

216 1952 294 1983 rexit
314 1952 350 1987 ὃς,
373 1951 456 1991 quod
477 1961 541 1981 non
563 1951 693 1982 arbitror
718 1950 935 1981 necessarium.

974 1950 1066 1981 'lAm
1058 1964 1079 1985 ις
1094 1967 1137 1974 -—
1148 1950 1283 1990 Ευμῇκῆς
1298 1967 1342 1974 -
1354 1951 1390 1980 Ἥ
1408 1948 1436 1981 δε
1455 1963 1485 1980 x.
1498 1965 1542 1975 —
1558 1949 1700 1993 Θωρηκας

216 1996 298 2026 Nam
316 1995 400 2034 apud
417 1996 614 2025 Homerum‘
602 2009 614 2025 ο
629 2004 683 2033 pro
696 1992 722 2028 ἲς
738 1994 845 2024 Ionice
856 2003 937 2032 saepe
980 2011 1023 2017 -—
1038 1994 1095 2027 Οὓς
1106 2011 1157 2022 -.

213 2037 355 2070 occurrit.

264 2080 336 2111 Ver.
356 2083 423 2112 119.
445 2080 657 2119 οπλιο-ομεσθα,
674 2079 739 2121 καὶ]
761 2079 834 2109 MS.
851 2079 939 2118 Lz'ps.

219 2124 412 2163 ὄπλισῶμεθοι
427 2124 487 2159 καὶ,
503 2123 550 2153 ed.
563 2124 660 2163 Lycii
671 2122 855 2161 ὃπλισόμεθα
866 2123 893 2152 κ’
904 2123 941 2160 ἐξ.

221 2168 277 2197 An
291 2167 366 2197 fuit:
393 2166 604 2205 ὄτλισσώμεθοι
618 2167 647 2196 κ’
663 2166 766 2204 ἔξελθ’.
797 2164 859 2194 Sed
875 2174 941 2194 ver-

217 2220 270 2240 sus
285 2210 364 2240 foret
378 2219 490 2248 parum
505 2209 686 2239 concinnus.

264 2253 338 2283 Ver.
355 2255 428 2283 120.
452 2252 587 2292 Σώματα
600 2251 670 2293 eta]
687 2251 753 2282 Hic
767 2259 873 2280 versus
887 2250 940 2280 ab·

219 2302 265 2326 est
281 2295 354 2326 MS.
372 2297 410 2326 L.

265 2339 337 2369 Ver.
356 2341 425 2369 121.
443 2338 546 2379 Tavr’]
567 2337 634 2367 Τές)
649 2336 721 2367 edd.
740 2338 777 2367 F.
793 2337 872 2376 Lyc-

262 2381 430 2411 Ver.122.
455 2382 511 2411 Koeu
534 2381 584 2413 τὲς
603 2379 654 2418 μέν
643 2378 736 2420 hele]
761 2348 844 2408 Hic]
840 2387 945 2408 versus

222 2424 306 2453 abest
322 2424 395 2454 MS.
412 2425 455 2454 L.
471 2429 502 2453 et
524 2422 646 2453 duobus
671 2423 761 2453 Oxou.
791 2431 849 2451 nec
871 2431 945 2451 sane

219 2465 328 2505 placet.

265 2509 339 2538 Ver.
358 2512 426 2538 124.
442 2507 500 2539 εὖτ’
518 2507 721 2548 bonicum-effi]
739 2506 810 2536 MS.
827 2507 866 2537 L.
879 2506 944 2538 κνῆ·

219 2565 280 2591 μοις
295 2552 475 2582 ἐκάλυπτον.
520 2551 602 2581 Haec
616 2550 708 2580 lectio
726 2555 771 2579 est
792 2559 810 2579 e
832 2548 942 2578 confu-

220 2595 309 2624 sione
320 2593 510 2625 diversarum
526 2594 705 2623 lectionum.
731 2593 811 2622 Sunt
822 2591 854 2620 in
867 2591 944 2621 duo·

220 2638 280 2667 bus
302 2637 398 2667 MSS.
424 2635 508 2674 apud
534 2638 730 2670 Bamesimn,
758 2635 827 2665 loco
852 2634 945 2674 hujus

220 2689 326 2709 versus
347 2678 410 2710 duo
433 2678 494 2714 alii,
518 2688 651 2718 quorum
667 2678 743 2708 alter
758 2679 848 2708 habet
864 2678 944 2707 hanc

218 2722 401 2752 clausulam.

264 2765 336 2794 Ver.
355 2767 530 2795 126—150.
555 2763 697 2806 Θώρηκας
719 2763 788 2804 eta]
805 2763 850 2792 Hi
874 2772 940 2792 ver-

218 2818 271 2840 sus
287 2807 423 2850 quinque
438 2813 510 2838 sunt
525 2806 558 2836 in
575 2807 647 2838 MS.
670 2808 709 2838 L.
733 2808 791 2837 hoc
813 2805 936 2836 ordine:

1027 2036 1102 2066 Ver.
1116 2039 1184 2066 126.
1199 2035 1424 2075 καλαμοςεφὲων
1435 2035 1495 2066 ἀπο
1505 2036 1623 2078 fingam,
1634 2036 1704 2078 eta]

986 2078 1086 2108 Hunc
1106 2078 1210 2108 locum
1232 2088 1395 2119 nunquam
1421 2078 1494 2108 satis
1514 2088 1706 2119 concoquere

984 2121 1082 2159 potui.
1125 2120 1221 2151 Unde
1234 2121 1368 2152 mustela
1388 2121 1545 2152 muribus?
1564 2131 1605 2151 an
1625 2121 1705 2152 forte

984 2164 1017 2193 in
1044 2162 1176 2194 cadaver
1202 2163 1345 2194 mustelae
1366 2164 1558 2194 inciderant?
1583 2163 1645 2194 Sed
1665 2173 1706 2195 ex

983 2216 1048 2236 una
1064 2206 1199 2236 mustela
1212 2206 1371 2246 quomodo
1386 2213 1431 2236 tot
1445 2206 1588 2237 muribus
1603 2207 1706 2237 thora-

984 2259 1034 2279 ces
1044 2249 1058 2278 ?
1075 2259 1148 2279 nam
1170 2249 1323 2288 pluralem
1343 2250 1449 2291 βυρσὶἱν
1463 2249 1495 2279 in
1510 2259 1575 2280 una
1588 2255 1706 2280 muste-

985 2292 1015 2322 la
1030 2302 1094 2322 non
1105 2302 1212 2332 urgeo.
1250 2292 1377 2331 conjeci
1395 2293 1513 2334 θυςσόν,
1528 2292 1706 2332 intellIgens

985 2336 1095 2369 caules,
1117 2335 1150 2364 in
1170 2345 1232 2374 qua
1248 2334 1474 2375 significatione
1487 2335 1589 2375 θνρσὶς
1604 2335 1704 2371 scribi,

989 2379 1172 2408 Eustolloeius
1187 2377 1289 2408 tradit.
1327 2377 1442 2408 caules
1457 2376 1634 2416 plantarum
1650 2376 1704 2407 de-

987 2430 1106 2450 morsos
1117 2420 1292 2450 stramineis
1305 2419 1437 2450 vinculis
1443 2420 1584 2459 junxere.
1601 2419 1648 2449 Hi
1659 2430 1706 2450 es-

987 2469 1056 2493 sent
1070 2462 1233 2492 commode
1243 2463 1459 2502 καλαμοςεφέες
1470 2463 1578 2505 θυμοί.
1601 2465 1707 2502 Atque

987 2506 1045 2535 hoc
1059 2515 1159 2545 genus
1173 2506 1306 2535 thoracis
1319 2512 1388 2544 apte
1400 2505 1577 2536 conveniret
1588 2505 1706 2535 caeteris

986 2548 1152 2588 generibus
1180 2558 1348 2578 armorum.
1391 2547 1485 2578 Tales
1512 2553 1543 2578 et
1567 2547 1706 2577 thoraces

987 2601 1133 2621 ranarum
1150 2601 1176 2620 v.
1191 2595 1261 2622 161.
1307 2590 1369 2620 Sed
1384 2591 1427 2620 ita
1441 2590 1518 2620 alter
1531 2599 1635 2619 versus
1649 2589 1703 2619 de-

988 2633 1099 2664 lendus
1112 2640 1198 2664 esset.
1244 2633 1354 2664 Obiter
1368 2639 1450 2668 uoto,
1472 2631 1555 2672 apud
1570 2633 1703 2671 Hesyclz.

988 2687 1052 2706 esse
1073 2677 1166 2718 θύρη
1194 2690 1261 2709 xum
1287 2686 1324 2706 ex
1353 2677 1567 2714 Aristoplmms
1596 2675 1678 2706 Nico
1671 2688 1703 2710 ης

984 2719 1068 2759 quod
1097 2719 1309 2758 fragmentum
1342 2717 1582 2757 praetermissum
1611 2722 1657 2746 cst
1685 2726 1704 2746 a

986 2765 1113 2794 (antero
1129 2768 1159 2792 et
1177 2763 1311 2792 Cocldaeo.

1027 2805 1056 2834 V
1061 2815 1100 2835 er.
1115 2808 1182 2835 129.
1197 2805 1329 2844 safarim
1341 2801 1466 2844 βελόνη,]
1481 2801 1531 2833 Sic
1539 2801 1586 2834 ed.
1596 2802 1702 2843 Lycii,
