1806 3187
234 162 317 197 480
798 156 1146 201 PRAEFATIO.

219 314 361 341 omnes
380 298 557 340 fluxisse.
617 300 677 341 At
698 299 852 356 Lipsiae
872 316 938 343 an.
964 306 1071 343 1566
1103 305 1310 358 quaternis
1338 303 1447 345 edita
1478 311 1539 346 est
1570 305 1716 349 Batra-

219 368 560 424 chomyomachia
578 385 602 410 a
621 370 862 411 Leonlzardo
888 372 1028 426 Lyci0‚
1061 372 1234 430 collegii
1268 373 1505 429 principalis
1538 375 1712 418 minoris

220 437 383 487 Sodale,
406 453 429 478 e
455 438 649 493 Voegelz'nz'
667 439 843 489 officina,
866 455 960 481 cum
980 441 1167 483 versione
1186 443 1374 497 prosaica
1393 443 1532 498 ipsius,
1555 452 1602 485 ut
1621 446 1713 500 opi-

215 521 306 556 nor,
330 515 370 547 et
390 506 516 548 altera
535 509 696 563 poetica
716 510 885 550 Simonis
922 510 1097 550 Lemnii.
1159 511 1260 566 Ejus
1293 512 1484 554 editionis
1524 515 1716 569 exempla

215 575 372 616 habent
391 591 529 617 versus
560 591 676 618 cccx.
699 592 794 617 cum
817 585 966 617 caetera
986 577 1166 618 habeant
1182 593 1345 621 ccxcw.
1393 581 1450 622 Et
1466 582 1574 623 tituli
1590 583 1717 638 ipsius

213 643 412 699 professio
433 654 504 695 est,
526 646 664 686 multis
697 646 738 685 in
774 645 872 686 locis
893 646 1053 686 auctius
1075 654 1116 687 et
1146 648 1381 704 castigatius
1415 649 1496 691 hoc
1535 651 1717 693 Carmen

212 713 379 755 factum:
411 723 451 756 et
470 716 513 755 in
535 714 720 769 epistola,
759 729 840 769 qua
875 714 955 755 hoc
986 715 1229 770 opusculum
1266 717 1430 759 dedicat
1464 721 1711 772 Badharm‘i,

215 782 465 833 Consularis,
487 783 592 832 filiis,
616 783 825 838 discipulis
841 784 934 833 suis,
959 784 1036 825 sibi
1056 785 1315 826 occasionem
1337 794 1377 828 et
1397 787 1711 830 incitamentum

211 851 374 902 edendi,
397 853 466 902 ait,
488 852 610 893 fuisse
628 852 780 893 librum
800 868 1001 909 perquam
1023 862 1241 904 vetustum,
1264 855 1307 895 in
1328 870 1410 911 quo
1430 856 1550 911 plura
1576 866 1711 899 essent

209 936 442 978 graecorum
464 929 680 978 poetarum
719 922 931 963 Carmina:
963 924 1075 978 quod
1111 938 1160 964 eo
1195 939 1291 965 cum
1325 925 1446 966 editis
1483 926 1711 968 Batracho-

208 991 483 1047 myomachiae
504 991 700 1046 exemplis
716 991 998 1045 comparando
1023 991 1284 1042 intellexerit,
1311 1008 1364 1033 ex
1386 1009 1435 1034 eo
1463 994 1570 1036 libro
1605 996 1710 1037 Car-

207 1074 306 1102 men
325 1060 406 1102 hoc
426 1069 466 1102 et
486 1062 646 1116 plenius
667 1069 707 1101 et
728 1061 982 1101 emendatius
1002 1060 1091 1101 fieri
1112 1076 1241 1115 posse.
1303 1061 1456 1103 Noster
1476 1071 1614 1104 autem
1634 1065 1705 1107 ille

206 1143 381 1187 magnus
405 1132 656 1172 Camerarius
676 1131 719 1169 in
739 1130 853 1170 brevi
877 1130 1072 1171 Carmine
1091 1145 1245 1187 graeco,
1269 1131 1381 1186 quod
1402 1140 1462 1173 est
1493 1132 1546 1173 de
1574 1133 1707 1176 laudi-

207 1198 284 1240 bus
304 1200 425 1254 Lycii
446 1209 486 1241 et
507 1199 697 1241 editionis
718 1199 852 1254 hujus,
869 1199 990 1254 jubet
1010 1199 1182 1241 lectores
1203 1200 1358 1256 gratias
1378 1216 1502 1257 agere
1521 1202 1664 1257 Lycio,

921 1299 953 1343 ’ὂς
976 1307 1025 1340 νῦν
1046 1301 1219 1348 ἐξεπόνησεν

472 1367 535 1409 Ὠς
554 1367 645 1404 πολὺ
665 1365 765 1403 πάντ’
783 1365 841 1419 d'g'
859 1364 940 1417 ’ἔχειν
960 1366 1088 1410 βέλτιον
1108 1365 1127 1410 ἢ
1147 1366 1310 1420 πξᾶτεξον.

203 1484 268 1525 Ac
287 1482 472 1538 profecto
492 1481 536 1521 in
557 1480 638 1522 hoc
659 1488 857 1522 contextu
878 1480 983 1521 adeo
1004 1480 1146 1521 melius
1171 1480 1313 1521 omnia
1333 1479 1556 1530 cohaerent,
1580 1488 1625 1521 ut
1644 1480 1703 1521 fa-

203 1553 281 1593 cile
302 1560 509 1607 appareat,
532 1551 699 1601 librum,
721 1550 834 1592 unde
854 1550 1002 1591 ductus
1018 1558 1090 1599 est,
1114 1550 1389 1604 antiquiorem
1410 1557 1451 1590 et
1486 1549 1702 1591 meliorem

200 1637 252 1663 eo
270 1621 404 1670 fuisse,
428 1636 451 1661 e
470 1635 553 1676 quo
578 1621 868 1674 Chalcondylas
888 1619 1072 1674 sumpsit.
1121 1618 1262 1674 Hujus
1283 1619 1410 1675 igitur
1423 1619 1598 1673 exempli
1612 1626 1702 1660 tex-

200 1700 290 1733 tum
311 1691 430 1731 basin
451 1689 574 1745 hujus
594 1689 724 1730 nostri
745 1689 923 1744 exempli
944 1704 1029 1729 esse
1049 1687 1173 1738 volui,
1197 1687 1268 1728 sed
1288 1696 1334 1728 ut
1354 1688 1516 1728 numeri
1537 1687 1699 1743 antiqui

200 1775 393 1802 versuum
414 1768 642 1809 manerent,
666 1767 706 1799 et
726 1766 970 1800 notarentur
990 1772 1142 1807 versuS,
1161 1757 1231 1813 qui
1253 1757 1295 1797 in
1320 1757 1494 1814 vulgatis
1512 1771 1598 1798 non
1633 1772 1697 1798 re-

199 1831 444 1886 perirentur,
458 1838 504 1870 ut
524 1829 754 1869 discernere
772 1828 958 1884 Lyciana
978 1843 1002 1868 a
1022 1827 1179 1868 caeteris
1198 1826 1339 1867 liceret
1358 1826 1420 1876 iis,
1435 1826 1584 1882 quibus
1604 1825 1695 1868 haec

198 1900 307 1941 ratio
327 1914 411 1940 non
432 1899 624 1954 placeret.
688 1898 832 1952 Neque
854 1898 963 1938 enim
984 1896 1175 1937 omnibus
1195 1895 1336 1936 omnia
1352 1895 1532 1950 probare
1552 1909 1695 1949 possu-

198 1985 306 2011 mus:
339 1984 416 2011 nec
437 1970 481 2010 id
502 1983 723 2024 speramm,
747 1976 818 2009 aut
838 1967 956 2008 valde
987 1967 1186 2021 cupimus.
1248 1965 1395 2006 Varias
1424 1964 1621 2006 lectiones
1650 1966 1695 2006 in

198 2049 330 2090 notas,
353 2040 450 2095 quia
469 2047 622 2080 nostrae
650 2045 758 2087 sunt,
782 2037 1047 2092 conjecimus:
1080 2035 1305 2090 eademque
1340 2034 1499 2075 ratione
1530 2041 1695 2075 utemur

196 2109 240 2150 in
262 2110 425 2165 hymnis
446 2116 486 2149 et
506 2107 828 2165 epigrammatis,
851 2121 944 2162 quae
966 2106 1008 2146 in
1030 2105 1220 2161 quintum
1235 2104 1418 2145 Tomum
1439 2103 1608 2157 rejicere
1623 2117 1695 2143 ne·

199 2193 309 2219 cesse
329 2178 420 2227 fuit,
443 2178 486 2218 in
507 2192 590 2233 quo
611 2185 651 2217 et
673 2175 836 2217 Indices
857 2184 897 2216 et
918 2174 995 2216 alia
1016 2173 1206 2215 studiosis
1226 2173 1399 2213 Homeri
1417 2185 1504 2214 non
1538 2171 1698 2213 inutilia

200 2247 258 2288 D.
281 2248 332 2288 V.
350 2247 646 2288 exhibebimus.

253 2380 772 2429 Admonitio.—Quoniam
793 2387 904 2420 notae
941 2377 1178 2420 Clarkianae
1212 2376 1256 2416 in
1291 2374 1686 2430 Batrachomyoma-

195 2452 330 2494 chiam
352 2459 391 2492 et
405 2451 560 2505 reliqua
579 2464 709 2504 prope
729 2456 829 2489 totae
850 2456 1040 2489 constant
1059 2445 1369 2501 comparatione
1390 2444 1574 2485 locorum
1591 2442 1686 2484 Ho-

191 2522 455 2569 mericorum,
471 2519 582 2560 unde
598 2533 736 2559 versus
757 2517 819 2558 vel
840 2518 914 2558 toti
936 2517 1000 2557 vel
1020 2531 1072 2557 ex
1087 2524 1204 2570 parte
1216 2514 1329 2555 ducti
1346 2521 1451 2562 sunt,
1478 2510 1693 2553 similibus-

191 2607 283 2648 que,
302 2605 386 2631 non
408 2589 486 2629 illis
506 2589 628 2643 plane
649 2587 861 2628 inutilibus
882 2586 936 2627 ad
956 2584 1303 2642 cognoscendum,
1336 2582 1406 2623 sed
1435 2590 1589 2625 tamen„
1602 2592 1688 2619 non

191 2659 438 2708 necessariis,
462 2666 501 2698 et
522 2658 725 2712 copiosius
742 2657 936 2698 collectis:
970 2671 1037 2696 eas
1057 2654 1282 2702 omisimus,
1305 2652 1428 2693 etiam
1449 2647 1687 2703 compendii

191 2746 344 2780 caussa,
368 2738 408 2770 et
429 2728 556 2769 solam
593 2737 776 2769 nostram
812 2727 1122 2768 adnotationem
1158 2724 1416 2779 subjecimus.
1479 2721 1686 2762 Caeterum

188 2815 274 2841 non
303 2799 438 2855 piguit
467 2811 706 2852 percurrere
736 2796 823 2837 illas
855 2805 972 2838 notas
1012 2804 1051 2837 et
1081 2807 1324 2841 memorare,
1361 2789 1494 2844 siquid
1525 2788 1577 2830 ad
1608 2787 1686 2829 cri-

189 2869 252 2911 sin
272 2877 312 2911 et
327 2867 577 2917 intellectum
597 2865 818 2921 prodesset.
